3242 5258
129 603 188 647 cn.
202 604 257 658 xi]
476 609 520 654 nu
542 579 728 655 nnnnmori
750 610 1008 658 moinusmoun.

129 784 326 846 dimittantur
351 788 470 848 immoto
491 787 585 864 primo
612 788 644 848 in
669 789 729 848 fine
754 790 835 850 hore.
884 791 970 850 Unde
997 791 1139 851 subducta

128 890 214 948 omni
238 892 403 952 mutacione
425 896 524 969 preter
546 893 636 952 talem
657 892 800 953 alternam
826 895 1021 954 dimissionem
1043 900 1073 955 et
1094 915 1139 955 re·

128 996 364 1072 assumpoiouem
384 997 462 1057 foret
483 1001 599 1075 tempus
620 1002 651 1058 et
673 1002 769 1058 motus
788 999 929 1059 mirabilis
949 1000 1136 1060 successivus.

129 1097 196 1158 Nec
217 1101 369 1175 negabunt
388 1101 461 1178 quin
479 1101 561 1160 Deus
580 1105 686 1178 potest,
708 1103 850 1163 subducto
870 1103 946 1162 alio¹
965 1108 1047 1162 motu
1066 1122 1138 1180 quo·

98 1205 274 1281 tcunque,²
297 1205 440 1264 alternare
465 1205 644 1266 mutaciones
666 1207 843 1280 huiusmodi,
869 1226 936 1266 oum
957 1207 1138 1284 dependeant

130 1309 230 1368 solum
252 1329 269 1368 a
290 1309 441 1369 voluoione
461 1309 554 1369 libera
576 1310 650 1382 Dei;
680 1313 712 1370 et
734 1310 863 1382 indubie,
890 1329 957 1369 oum
979 1329 1039 1368 una
1061 1309 1138 1370 ieret

130 1413 217 1489 prius
236 1432 324 1490 quem
347 1413 469 1491 relique,
488 1414 597 1473 nedum
618 1418 723 1474 natura
746 1415 797 1473 sed
819 1417 949 1492 tempore
970 1413 1048 1473 foret
1070 1433 1137 1474 con·

130 1517 239 1577 tinua⁸
257 1518 396 1577 successio
409 1518 586 1595 temporalis.

175 1619 218 1680 4⁸⁰
238 1621 406 1680 comeditur
424 1623 460 1681 de
482 1621 614 1698 possibili
631 1622 710 1700 quod
732 1622 790 1682 iam
812 1641 871 1680 non
891 1625 936 1681 est
954 1621 1012 1680 nisi
1031 1621 1137 1681 unicus

19 1713 118 1782 Bm⁸]
131 1723 230 1795 homo,
249 1721 255 1803 Ι
273 1728 304 1783 et
321 1723 432 1783 infiniti
450 1725 581 1784 homiues
601 1731 668 1784 ante
683 1725 772 1784 finem
792 1725 873 1784 illius
892 1726 962 1783 hore
977 1725 1136 1784 adnichila-

131 1828 256 1900 buntur,
274 1846 327 1886 nee
346 1827 420 1887 citra
440 1828 625 1903 generabitur
644 1827 776 1905 aliquid*
796 1828 964 1905 positivum,
987 1832 1018 1888 et
1039 1832 1138 1888 tamen

131 1931 168 1990 in
190 1931 250 1990 tine
271 1935 358 1990 amnt
379 1931 490 1990 infiniti
510 1931 649 2006 homines,
672 1932 766 2010 posito
790 1933 869 2008 quod
888 1932 970 1990 Deus
990 1951 1028 1991 ex
1046 1931 1138 1990 omni·

26 2039 120 2110 [etth]
133 2035 271 2112 potencia
296 2055 348 2093 sua
374 2039 453 2095 creet
477 2035 609 2094 infinitas
634 2035 832 2096 humanitates
859 2033 865 2115 Ι
891 2035 924 2094 in
956 2037 1041 2094 domo
1072 2036 1134 2111 illa,

134 2157 260 2216 quarum
273 2138 422 2198 infinitum
434 2157 524 2215 parva
544 2139 583 2198 sit
602 2139 710 2216 alique,
726 2143 759 2200 et
777 2138 917 2198 totidem³
938 2143 1016 2198 creet
1037 2139 1135 2211 Rome,

86 2242 121 2296 15
135 2245 167 2301 et
193 2247 321 2302 amumet
347 2261 445 2300 omnes
477 2242 543 2302 illas
569 2262 661 2320 usque
695 2243 733 2302 ad
758 2244 872 2301 “finem
898 2243 969 2301 hore
998 2241 1031 2301 iu
1057 2245 1137 2321 qua⁸

135 2345 298 2405 adnichilet
309 2365 407 2406 omnes
424 2347 516 2406 Rome
534 2350 565 2406 et
579 2346 711 2406 dimittat
727 2365 824 2406 omnes
839 2345 952 2406 Oxonie
971 2346 1059 2406 alitor
1078 2365 1137 2404 non

20 2441 123 2514 [ΗΜ]
136 2453 274 2510 mutatos.
292 2449 299 2528 Ι

178 2553 220 2612 5¹⁰
243 2555 405 2614 concedunt
426 2554 459 2613 in
482 2573 550 2614 casu
574 2555 672 2633 quod'
696 2554 728 2613 in
750 2554 808 2614 ista
830 2555 901 2613 hora
923 2556 1139 2630 generabuntur

136 2658 186 2717 vel
208 2659 281 2716 fient
301 2657 411 2717 infiniti
430 2658 561 2717 homines
584 2662 615 2718 et
634 2658 727 2717 nichil
746 2658 864 2717 illorum
885 2658 1072 2733 generabitur
1090 2659 1139 2717 vel

85 2763 124 2818 20
137 2761 191 2822 fiet
214 2761 381 2840 abaliquo,
407 2763 457 2821 sed
482 2781 535 2821 nee
558 2761 638 2820 Dens
661 2760 734 2821 sciet
754 2762 870 2838 quaudo
893 2761 1000 2839 aliquis
1021 2761 1139 2822 illorum

137 2865 290 2924 hominum
311 2865 376 2937 erit,
398 2869 434 2924 ut
452 2863 567 2923 divise⁸
590 2864 647 2923 ista
666 2865 737 2923 hora
758 2865 790 2923 in
817 2884 883 2923 suas
903 2870 1001 2941 partes
1021 2883 1139 2941 propor-

138 2968 266 3028 oionalcs
285 2967 411 3027 minores
427 2987 528 3027 versus
551 2967 689 3027 ultimum
710 2968 822 3028 instans
840 2960 873 3027 'et
892 2968 970 3045 quod
989 2967 1023 3025 in
1042 2967 1150 3027 ouius·¹

138 3072 215 3132 libet
233 3072 352 3132 illarum
371 3072 502 3149 parcium
520 3072 614 3149 prima
631 3072 787 3132 medietate
801 3071 881 3131 Deus
893 3071 1026 3130 dimittat
1038 3089 1137 3142 unam,

139 3181 170 3237 et
193 3177 225 3236 in
246 3177 372 3236 secunda
398 3180 557 3236 reasumat
583 3177 727 3254 reliquam
749 3175 931 3246 dimittendo,
949 3174 1088 3233 servando
1108 3174 1140 3232 iu

88 3283 125 3338 25
139 3281 182 3342 eis
203 3281 300 3340 omnia
321 3280 474 3358 positiva:
506 3283 578 3340 tune
603 3284 687 3358 patet
713 3279 868 3348 conclusio,
897 3299 964 3338 oum
989 3297 1141 3356 uunquam

140 3385 199 3446 erit
220 3385 283 3445 itn'
307 3387 386 3463 quod
408 3385 459 3445 isti
484 3386 615 3446 homiues
642 3390 719 3458 suut,
746 3389 777 3445 et
802 3403 855 3461 per
881 3401 1057 3461 consequeus
1082 3399 1141 3442 non

140 3490 198 3550 erit
210 3489 324 3567 aliquid
335 3491 372 3549 de
385 3509 506 3550 numero
519 3491 642 3550 ictorum
654 3489 815 3550 hominum.

182 3593 223 3653 6ω
236 3595 398 3655 concedunt
418 3596 496 3673 quod
517 3595 548 3653 in
566 3613 633 3654 casu
650 3615 703 3654 sex
724 3595 780 3653 filii
800 3593 913 3653 fuerint
931 3592 964 3650 in
984 3591 1000 3652 b
1019 3591 1142 3650 instanti

142 3699 236 3774 geniti
254 3700 291 3758 de
311 3699 414 3772 Maria,
430 3698 462 3756 iu
484 3717 542 3776 quo
564 3698 688 3758 instanti
708 3718 767 3757 uon
790 3698 893 3773 genuit
913 3696 970 3756 nisi
994 3715 1094 3767 unum,
1111 3699 1141 3755 et

91 3806 128 3863 3⁰
141 3807 241 3862 tarum
259 3822 316 3862 non
334 3805 430 3878 potest
447 3803 537 3862 esse¹⁰
556 3802 587 3861 in
607 3801 624 3861 h
643 3802 765 3862 instanti
785 3821 839 3861 nec
861 3801 953 3860 ulium
972 3800 1066 3859 filium
1084 3799 1143 3859 nini

142 3907 243 3967 Iesum
257 3925 342 3964 suum
355 3905 540 3982 unigenitum
559 3905 702 3982 gennuae,
718 3905 813 3983 posito
826 3905 904 3982 quod
920 3905 936 3966 b
951 3904 1011 3964 fuit
1030 3904 1143 3964 instans

142 4010 175 4068 in
202 4027 259 4086 quo
283 4009 386 4084 genuit
406 4009 506 4068 Iesum
527 4012 557 4068 et
578 4009 657 4087 quod
676 4013 743 4087 post
764 4008 995 4084 assumpoionem
1002 4006 1022 4039 ¹¹
1042 4005 1143 4065 multi·

141 4110 252 4192 plicata
277 4111 330 4172 illc
356 4111 539 4172 humanitate
565 4111 602 4170 ed
635 4131 688 4171 sex
720 4111 783 4170 loca
809 4115 926 4170 maneat
952 4113 1100 4187 assumpta
1125 4129 1144 4168 a

1291 591 1353 658 195

187 4239 328 4292 ιἰΙΙοΔΟ.
595 4237 936 4306 ²quomodocunqucAIiii.
1024 4237 1212 4288 'teretium
1223 4239 1278 4288 cdd.
1290 4237 1319 4290 B.

186 4305 282 4355 ‘aliud
303 4305 393 4356 ABG.
602 4303 769 4354 ‘cottidicst
1030 4302 1068 4339 Μ
1085 4301 1253 4370 inaniaque
1264 4304 1294 4354 0.
