3192 5216
155 671 211 712 car.
225 668 282 722 111]
504 669 549 713 DE
571 665 759 712 BENEDIGI'A
781 663 1039 711 lacaedemone.

154 847 276 908 materie
297 867 363 906 cnm
383 845 469 905 dictis
487 846 637 904 doctorum
651 846 765 921 oportet
777 842 858 902 illam
872 841 1024 902 materiam
1037 841 1164 902 ulterius

155 951 268 1028 triplici
292 949 405 1010 medic¹
429 949 562 1008 dilatare.
613 947 730 1008 Veritas
753 947 831 1006 eninr
854 949 982 1006 testatur
1004 944 1166 1004 omnimode

157 1055 215 1116 sibi
234 1054 301 1132 ipsi,
316 1073 371 1113 nec
395 1052 509 1130 aliquid
529 1071 567 1111 ex
587 1051 711 1110 veritate
731 1069 910 1128 consequens
930 1048 1091 1108 offenderet
1103 1049 1167 1125 pias

158 1179 252 1220 amaa
296 1155 444 1233 Quicquid
465 1173 533 1231 argo
557 1174 596 1214 ex
616 1155 671 1213 boc
691 1153 835 1231 principio
855 1153 1022 1230 perfectus²
1041 1152 1168 1228 pbiloso-

128 1263 237 1340 ephus
258 1261 345 1320 sciret
363 1261 505 1319 deducere
524 1258 642 1318 concedi
663 1257 750 1318 debet
769 1262 911 1335 tanquam
931 1256 1115 1331 catholicum,
1138 1259 1169 1316 et

159 1365 325 1442 oppositum
338 1364 435 1422 abiei⁸
449 1367 590 1441 tanquam
604 1363 751 1421 dimersum
764 1362 833 1421 fidei
847 1361 1020 1421 Christiane.
1181 1357 1209 1448 ξ
1223 1355 1385 1454 ffiffi'ffi

199 1468 244 1528 Ut
265 1468 358 1545 primo
382 1467 518 1545 seqnitur
540 1485 580 1525 ex
602 1465 667 1525 cius
688 1465 819 1542 opposito
847 1467 926 1543 quod
953 1464 1086 1525 cbristus
1109 1482 1169 1522 non
1181 1455 1385 1557 fflffisfffi‘}

160 1571 356 1632 descendisset
377 1570 414 1629 ad
435 1569 552 1642 inferos,
575 1588 629 1628 nec
652 1568 789 1628 iacuisset
813 1569 945 1645 sepultus
969 1568 1003 1627 in
1025 1568 1167 1644 sepulcro,
1182 1556 1259 1649 ἓξὲξ
1289 1556 1313 1597 ¹²
1346 1555 1385 1597 ²¹¹⁶

161 1675 238 1736 siout
254 1675 372 1734 tarnerr⁴
394 1673 529 1751 superius
547 1673 692 1748 allegetur
709 1693 748 1732 ex
766 1672 832 1732 fida.
875 1671 907 1731 Si
925 1672 1004 1750 enim
1021 1673 1171 1733 descondit

112 1779 199 1840 10ad
225 1779 343 1851 inferos,
368 1778 416 1838 rel
439 1776 598 1837 seeundum
620 1776 759 1836 deitatem
783 1777 832 1836 vel
855 1777 1015 1836 secundum
1035 1776 1171 1835 humani·

160 1887 262 1944 tatem.
304 1882 371 1942 Non
390 1881 569 1941 seeundum⁸
589 1880 737 1953 deitatem,
754 1899 820 1938 cunr
834 1899 893 1938 non
911 1879 1070 1939 secundum
1088 1880 1170 1938 illam
1184 1907 1226 1947 ror
1255 1905 1300 1947 aa
1327 1906 1386 1946 must

161 1985 201 2046 sit
227 1985 361 2060 mobilis;
393 1988 424 2044 et
451 1983 476 2042 si
503 1983 662 2043 secundum
684 1982 907 2057 humanitatem,
933 1988 1005 2043 tunc
1032 1984 1085 2043 illa
1111 1955 1386 2047 fuitiinaumbiidii

162 2091 295 2149 semum
315 2108 367 2166 pro
388 2091 461 2146 tnnc
481 2087 657 2147 descendens
680 2085 717 2145 ad
737 2086 855 2146 inferos.
896 2086 959 2148 Nec
978 2087 1085 2147 suffieit
1104 2088 1168 2161 hoc,
1184 2053 1388 2147 iiiiidnoinirei

161 2193 220 2252 nisi
232 2193 285 2252 illa
298 2212 350 2270 pro
364 2195 436 2250 tunc
449 2189 541 2250 fuerit
553 2190 610 2249 sibi
622 2189 784 2267 ypostatiee
795 2190 947 2267 copulata:
968 2191 1038 2268 qui,
1051 2210 1172 2267 persone
1184 2154 1387 2256 inab'i’nffiffl

113 2305 149 2360 15
163 2315 223 2356 non
243 2301 287 2355 ast
307 2294 494 2356 attribuenda
513 2295 597 2370 pars¹
618 2293 882 2353 denominaeionis⁸
902 2314 954 2371 pro
972 2298 1101 2371 tempore
1120 2314 1172 2371 pro
1185 2255 1254 2298 ω·

163 2419 222 2478 quo
235 2399 299 2476 ipsa
311 2401 425 2458 nonest
437 2417 504 2475 pars
515 2415 655 2474 persone:
678 2417 745 2456 cum
759 2401 831 2456 tunc
845 2417 930 2457 omne
941 2417 1045 2475 corpus
1057 2398 1172 2458 racione

162 2503 285 2564 materie
295 2501 372 2562 foret
381 2503 543 2579 perpetuo,⁹
554 2505 585 2561 et
594 2500 689 2560 omnis
698 2502 784 2560 homo
794 2501 908 2561 racione
919 2503 1015 2562 anime
1025 2523 1099 2580 eque
1107 2507 1174 2580 post

163 2609 290 2666 mortem
312 2605 426 2664 vireret
446 2599 526 2663 siout'
548 2608 625 2663 ante.
667 2604 754 2670 Quod
774 2608 885 2680 negant
906 2604 962 2677 illi,
987 2604 1095 2681 quibus
1114 2624 1173 2664 non
1186 2621 1232 2663 rra
1265 2620 1388 2673 amaus

165 2709 251 2786 sapit,
272 2709 352 2786 quod
368 2707 502 2769 Christus
519 2707 598 2766 vixit
617 2707 789 2767 humanitus
808 2707 840 2767 in
859 2708 938 2768 dioto
959 2708 1073 2768 triduo:
1095 2710 1173 2770 unde
1186 2673 1389 2813 {ffizbfflornffi

111 2816 151 2871 20
163 2813 268 2873 dieunt
291 2812 370 2890 quod
391 2815 436 2871 est
454 2810 633 2888 impossibile
654 2811 690 2870 da
710 2810 742 2871 vi
761 2811 841 2871 vocis
861 2812 939 2889 quod
963 2811 1097 2872 Christus
1114 2813 1175 2872 fuit
1187 2822 1316 2863 amatre
1330 2831 1389 2862 aom-

163 2919 297 2976 mcrtnus
314 2918 368 2974 aut
385 2914 518 2992 sepultus
537 2914 585 2974 vel
602 2916 681 2992 quod
694 2914 844 2975 descendit
862 2917 898 2975 ad
916 2916 1041 2976 inferos:
1064 2917 1115 2976 sed
1133 2917 1174 2977 sio
1186 2883 1274 2962 pedm
1286 2871 1392 2962 &edidi

1185 2981 1231 3012 reas
1243 2971 1333 3011 bnried’
1342 2970 1390 3010 into

51 3031 152 3099 [am]
165 3019 388 3095 initelligitnr:
405 3038 517 3095 corpus,
536 3019 616 3096 qnod
636 3020 782 3096 quondam
805 3019 865 3079 fuit
886 3019 1004 3094 Christi,
1026 3021 1174 3097 sepultum
1187 3021 1260 3113 ’ὥ
1272 3021 1338 3122 iffi,
1347 3019 1392 3112 ὦ(

166 3127 222 3198 est,
238 3127 269 3183 et
282 3123 387 3195 anima,
404 3141 461 3200 que
475 3123 621 3199 quondam
634 3122 695 3182 fuit
708 3123 827 3195 Christi,
843 3123 992 3184 descendit
1004 3126 1042 3185 ad
1054 3125 1172 3198 inferos,

166 3227 216 3288 sed
230 3245 289 3286 non
304 3226 446 3300 Christus,
463 3227 556 3285 ¹⁰aum
573 3229 645 3286 tunc
658 3245 717 3285 non
730 3227 789 3286 fuit
802 3227 846 3287 ita
859 3227 937 3304 quod
950 3228 1085 3288 Christus
1098 3231 1175 3290 ost.¹⁰

113 3337 151 3394 25
166 3331 225 3390 Sed
239 3349 340 3390 revera
352 3329 410 3389 iste
422 3329 530 3388 ficticia
543 3329 712 3406 superaddit
724 3331 876 3408 perfidiam
890 3332 1057 3391 Iudeorum.
1097 3333 1127 3391 N
1128 3351 1176 3392 am

165 3435 255 3495 turba
272 3433 394 3493 Iudaica
411 3433 477 3492 Iob.
496 3437 542 3493 12.
557 3433 635 3493 dixit
652 3435 722 3494 Iesu
740 3457 748 3495 :
773 3441 843 3494 ‘nos
861 3435 1026 3495 audivimus
1052 3455 1091 3494 ex
1110 3436 1175 3512 lege
1188 3445 1340 3489 romarios.

165 3537 247 3617 quod
260 3537 393 3596 Christus
406 3541 505 3596 manet
517 3536 549 3595 in
563 3541 696 3596 eternum
707 3537 730 3597 ἰ
753 3538 824 3616 qnia
836 3537 931 3598 Iesaie
940 3539 959 3573 ¹¹
975 3537 1009 3597 9⁰
1023 3539 1173 3601 scribitur:
1188 3546 1232 3587 ¹⁸⁸»
1241 3545 1273 3587 ¹¹·
1284 3546 1303 3588 ⁷·

168 3647 275 3719 'snper
296 3641 401 3700 solium
421 3640 519 3700 David
538 3643 569 3700 et
589 3660 677 3719 snper
695 3661 818 3717 regnum
838 3643 903 3701 eius
922 3642 1045 3715 sedebit,
1060 3647 1095 3703 ut
1108 3664 1175 3704 con·
1189 3618 1354 3712 fiinififfi

166 3745 267 3806 firmet
280 3744 355 3804 illud
369 3748 399 3804 et
412 3746 576 3804 corroboret
588 3765 607 3804 a
619 3744 703 3804 modo
711 3744 732 3780 ¹¹
745 3749 777 3805 et
789 3764 883 3822 nsque
896 3745 930 3804 in
945 3747 1174 3823 sempiternum,’

116 3858 153 3914 80
166 3849 199 3909 id
216 3852 273 3922 eet,
292 3868 310 3908 a
329 3853 459 3924 ternpore
478 3867 536 3926 quo
558 3852 649 3926 ‘puer
664 3853 753 3908 natus
765 3853 810 3908 est
823 3849 926 3909 nebia)
966 3850 1112 3910 Probatur
1124 3853 1174 3912 sic.
1188 3871 1233 3912 ra.
1243 3869 1304 3912 rna.

165 3953 253 4014 Iesus
269 3954 358 4010 natus
377 3955 423 4010 est
441 3970 496 4010 rex
513 3951 693 4026 humanitus,
709 3955 745 4011 ut
762 3955 845 4029 patet
858 3952 923 4011 Iob.
943 3954 1008 4012 18¹⁸
1028 3960 1036 3989 ‘
1045 3954 1091 4012 Tu
1104 3955 1177 4016 diois
1188 3969 1321 4012 sonaxau.
1332 3970 1364 4011 ur.

166 4055 239 4134 qnia
251 4075 306 4115 rex
319 4075 385 4114 sam
405 4073 475 4131 ego:
498 4074 567 4114 nam
579 4075 633 4131 ego
642 4057 663 4090 ¹⁴
682 4054 714 4113 in
728 4055 782 4114 boc
795 4060 883 4115 natus
896 4055 980 4116 sum!
1022 4058 1095 4118 Cum
1109 4079 1177 4136 orgo
1189 4020 1392 4170 {pzeifnffiffi

165 4177 220 4242 per
238 4161 362 4218 mortem
382 4177 442 4218 non
460 4157 521 4218 init
540 4157 688 4218 intercisio
701 4158 785 4234 regni
798 4158 853 4232 sui,
870 4179 937 4218 anm
950 4159 1011 4220 ruit
1024 4162 1177 4239 spirituale
1190 4169 1290 4220 uffltw
1304 4169 1348 4211 mo
1358 4169 1392 4210 ra·

212 4275 408 4328 ¹8⁶¹ABGO.
446 4278 491 4336 Qu.
505 4276 868 4342 modolaqmdmpramedic?
969 4279 1075 4332 ¹tuctus
1087 4281 1117 4334 0.
1285 4269 1302 4300 Ἴ

211 4341 572 4403 ‘nmsnom.AB;tnm0.
679 4342 995 4396 noeuncummunc.
1166 4347 1172 4360 '

212 4409 223 4442 ⁷
274 4407 318 4456 rtis
329 4409 392 4456 codd.
403 4423 464 4458 amn.
677 4407 687 4440 ⁸
703 4405 905 4458 denominandam
917 4408 948 4460 0.

176 4493 180 4500 ·
204 4471 262 4512 ¹⁰·⁰
280 4468 802 4537 cumtnnenonitaquodCbn'stnsinitB.
1256 4514 1262 4526 .

204 4535 227 4571 ¹¹
243 4535 299 4587 anto
310 4533 362 4587 AB
372 4535 408 4598 (ἔς
425 4535 487 4588 sm⁰
499 4535 530 4598 0,
542 4538 582 4586 ts.
595 4535 700 4588 amodo.
784 4535 805 4570 ¹⁸
821 4535 877 4588 Iob.
892 4541 922 4588 18
933 4540 1010 4590 auara
1019 4555 1092 4592 mna
1104 4540 1133 4593 0.
