3242 5258
287 579 351 646 178
732 601 901 648 Jousnuss
921 601 1050 648 uncus
1398 599 1492 654 [cum
1569 571 1571 624 ἶ

502 776 617 856 specie:
646 797 714 855 ergo
736 799 802 839 cum
823 782 920 840 totum
941 800 1032 856 genus
1055 779 1190 841 animalis
1211 781 1251 842 sit
1272 779 1435 858 perfeccius
1452 779 1494 837 et¹

289 889 406 982 Iouini-tp·
414 899 491 980 Ἥ
502 901 576 959 eque
598 883 685 959 plene
709 885 746 943 eb
768 884 925 944 intrinseco
946 885 1176 963 principietum3
1202 885 1342 963 sequitur
1363 883 1439 960 quod
1458 883 1496 940 erl

289 940 427 1033 ildrmelnln
439 1000 491 1030 ⁰⁰¹¹·
502 987 570 1046 dere
582 987 725 1066 principie
738 988 895 1050 intrinsece
908 993 939 1048 et
959 1009 1058 1050 eorum
1076 990 1222 1064 unionem,
1238 1010 1308 1049 cum
1327 988 1433 1067 quibus
1447 1005 1498 1044 nou

289 1047 413 1134 Ἢν
434 1039 490 1080 Μ.
504 1095 564 1151 etet
582 1092 661 1170 quod
680 1093 864 1153 individuum
884 1094 966 1154 illius
986 1094 1099 1170 generis
1118 1113 1178 1154 non
1201 1095 1338 1154 resultet.
1381 1093 1412 1150 ei
1430 1091 1497 1150 enin

291 1213 563 1274 cnostpaungtuonon
583 1195 640 1256 sit’
655 1196 792 1272 possibile
814 1198 893 1275 quod
913 1198 1015 1257 albedo
1038 1197 1177 1259 informet
1200 1199 1379 1269 subiectum,
1399 1195 1453 1253 nisi
1470 1203 1521 1256 cot

291 1267 390 1405 Ψω
409 1275 493 1355 “maid
505 1299 586 1374 ipso⁸
605 1300 800 1360 constituatur
818 1321 911 1360 unum
931 1302 1049 1376 elbnm;
1073 1304 1164 1380 eque⁴
1184 1303 1348 1374 evidenter,
1371 1300 1397 1359 si
1414 1297 1499 1358 enims

324 1377 376 1416 'm'
505 1401 644 1461 informet
668 1404 920 1481 proporcionetum
941 1405 1114 1478 subiectum,
1143 1410 1259 1483 oportet
1285 1405 1388 1484 quod·
1410 1403 1499 1462 exeis

506 1506 694 1567 constituitur
706 1507 738 1567 in
751 1508 910 1584 signando·
927 1510 1022 1586 specie
1035 1510 1219 1570 individuum
1237 1509 1387 1569 animalis.
1426 1505 1499 1572 Quod

292 1614 494 1708 ffinlffiffi
506 1614 604 1670 eutem
622 1615 727 1670 nature
747 1612 856 1672 Christi
875 1633 934 1672 non
954 1614 1113 1691 impeditur
1130 1634 1167 1674 ne
1184 1613 1223 1675 sit
1236 1613 1358 1684 animal,
1374 1611 1500 1689 probetur

292 1694 494 1817 fflffiffi
507 1715 557 1775 sic.
611 1715 667 1775 Per
687 1717 916 1793 essumpcionem
936 1724 982 1778 est
1007 1718 1175 1778 humanitus
1195 1717 1305 1778 Christi
1328 1722 1437 1776 eumm'e
1455 1733 1498 1771 ex·
1511 1711 1533 1766 ll

294 1830 322 1909 g
373 1821 598 1907 flfflcffieltete
617 1820 697 1880 etin
715 1820 894 1897 perfeccione
914 1821 1020 1882 ultime
1038 1827 1169 1882 creature
1190 1822 1326 1900 possibili
1348 1821 1497 1880 collocate:

294 1878 494 2010 ffil’flssffigwtlgg
506 1943 573 1999 ergo
586 1943 645 1983 nou
658 1926 753 1984 estol)
766 1925 866 2002 alique
877 1926 1058 2002 perfeccione
1076 1926 1214 1998 netureli,
1230 1946 1321 2004 quem
1337 1921 1499 1984 netirruliter

294 2015 497 2116 ssssgffiffilffl
507 2031 666 2104 oppeteret,
681 2027 849 2104 prepedite:
872 2048 938 2087 cum
952 2049 1020 2105 ergo
1034 2030 1127 2089 omnis
1144 2029 1288 2107 perfeccio
1306 2023 1499 2088 substancialis

294 2117 472 2162 mmmm
507 2132 547 2192 sit
570 2132 760 2209 suppositum,
783 2132 832 2192 vel
850 2133 1041 2210 preeuppouit
1068 2133 1250 2211 suppositum
1273 2137 1309 2193 ut
1336 2132 1496 2196 subiectum,
1570 2183 1571 2206 p

507 2239 538 2296 et
557 2236 651 2294 omnis
669 2235 811 2312 perfeccio
828 2234 833 2316 Ι
850 2236 1037 2296 occidentalis
1055 2238 1246 2315 presopponit
1266 2235 1460 2305 essencislem,
1474 2236 1498 2288 el
1509 2217 1571 2310 [ml

508 2339 691 2416 suppositum
705 2341 746 2400 sio
758 2340 938 2417 perlectum
959 2341 1078 2402 videtur
1091 2343 1178 2420 quod,
1191 2341 1217 2402 ei
1229 2347 1337 2402 notura
1350 2333 1497 2413 rsissumptnl

508 2443 556 2516 sit,
578 2449 613 2503 ut
636 2443 686 2516 sio,
708 2464 727 2502 s
753 2445 868 2504 racione
895 2445 1038 2521 suppositi
1057 2447 1186 2517 excluse,
1208 2449 1259 2506 et⁸
1286 2465 1305 2504 e
1332 2441 1499 2522 perfeccione

507 2545 637 2605 maxime
658 2547 698 2605 sit
717 2547 877 2624 prepedito.
919 2547 1068 2614 Quomodo
1091 2569 1159 2626 ergo
1178 2569 1239 2608 nou
1257 2549 1427 2609 tiisteretur
1446 2545 1499 2602 len·

510 2669 602 2726 guens
633 2650 709 2710 ciros
740 2651 952 2728 perfeccionem
983 2652 1150 2729 possibilem
1183 2673 1202 2712 o
1234 2671 1293 2731 que
1329 2651 1431 2713 deficit
1457 2664 1501 2724 per

509 2755 702 2832 ypostaticem
721 2755 883 2816 unionem?
922 2757 1054 2816 Maxime
1074 2757 1193 2835 quidem
1215 2757 1360 2835 periecoio
1384 2755 1535 2817 creeturetl

509 2859 655 2936 possibilis
678 2863 723 2918 est
745 2861 906 2933 beatitudo,
933 2860 1010 2921 sicut
1032 2860 1197 2939 philosophi
1218 2865 1250 2921 et
1271 2861 1404 2936 theologi
1424 2855 1499 2936 profi·

510 2968 612 3023 tentus
632 2965 811 3023 concorditer
830 2984 897 3024 cum
917 2966 1077 3042 scripture:
1099 2965 1185 3026 modo
1204 2965 1257 3024 ille
1276 2966 1427 3025 beatitudo
1445 2979 1500 3020 con·

512 3067 591 3128 sistit
603 3068 635 3127 in
648 3068 726 3128 clero
739 3068 850 3128 visione
863 3073 894 3128 et
907 3069 1048 3130 fruicione
1061 3069 1160 3129 divine
1174 3069 1300 3130 essencie
1313 3069 1402 3130 iuxta
1414 3083 1499 3126 vocem

350 3167 499 3213 somnne.
512 3172 654 3232 Veritatis
667 3172 732 3232 Ioh.
751 3172 786 3231 17
796 3174 820 3246 ⁹3
845 3171 915 3231 ‘hec
929 3177 973 3231 est
986 3173 1049 3232 vite
1061 3177 1161 3232 eterno
1180 3177 1216 3232 ut
1236 3177 1411 3248 cognoscent
1428 3167 1500 3238 etc.’;

513 3296 581 3352 ergo
595 3276 647 3334 illo
661 3279 793 3335 creature
807 3295 873 3334 curn
879 3277 899 3310 ¹⁰
912 3297 970 3336 non
979 3277 998 3311 ¹¹
1004 3279 1100 3354 potest
1117 3277 1204 3337 esse¹¹
1219 3278 1402 3355 suppositum
1420 3263 1533 3335 stantell

513 3379 620 3438 unione
639 3382 670 3438 et
686 3398 739 3455 per
756 3399 932 3456 consequens
951 3399 1009 3438 non
1027 3399 1160 3440 exercere
1170 3382 1190 3415 ¹¹
1210 3385 1293 3440 ectus
1312 3377 1500 3458 supponentes
1569 3451 1570 3458 ἵ

514 3502 572 3542 nou
596 3486 700 3559 potest,
723 3485 759 3540 ut
785 3481 834 3554 sic,
857 3481 1065 3558 perfecciouem
1084 3483 1173 3542 telem
1200 3483 1353 3559 attingere.
1410 3481 1502 3544 Sedet
1569 3469 1570 3500 l

514 3587 569 3646 hoc
580 3587 600 3622 ¹¹
616 3587 778 3646 concedunt
798 3585 977 3645 concorditer
996 3587 1124 3646 dicentes
1143 3589 1223 3666 quod
1241 3588 1299 3648 iste
1318 3593 1433 3662 nature,
1447 3601 1503 3644 cum

515 3710 573 3750 non
595 3690 634 3750 eit
656 3690 849 3767 suppositum,
872 3710 926 3750 nec
950 3691 1012 3765 egit
1034 3710 1088 3752 nec
1108 3692 1231 3769 potitur.
1282 3694 1367 3754 Unde
1388 3699 1421 3754 et
1439 3685 1502 3752 illud

384 3801 502 3844 Petu-⁴·
516 3793 626 3852 Psalmi
646 3792 703 3853 44²¹
721 3794 758 3853 ed
776 3794 905 3853 litterem
923 3794 1035 3854 dictum
1053 3796 1089 3854 de
1109 3795 1233 3870 Christo,
1254 3798 1377 3858 ‘beatius
1400 3785 1537 3875 quenl³⁰

516 3896 652 3976 elegisti!
669 3902 700 3956 et
719 3897 921 3974 assumpsisti,'
942 3897 1045 3957 dicunt
1065 3919 1126 3958 esse
1145 3899 1254 3959 fulsum
1272 3900 1309 3960 de
1324 3901 1436 3962 virtute
1454 3889 1569 3968 ser-[¹1¹

517 4000 629 4060 monis:
651 4001 703 4061 sed
723 4000 764 4061 sic
783 4001 1112 4078 intelligitur-beatus,
1132 4003 1215 4062 cuius
1234 4008 1281 4064 est
1298 4009 1413 4076 netum,
1429 4017 1504 4082 quem

348 4163 559 4219 ¹0t0m.snc.
782 4163 947 4263 :sesne
1237 4168 1450 4245 ‘eoipscomR

338 4363 360 4396 ¹⁰
376 4377 430 4413 curn
441 4361 587 4414 ors.ABO.
778 4357 797 4391 ¹¹
813 4375 856 4426 pre
869 4360 883 4410 e
896 4360 925 4410 0.
1226 4361 1246 4394 ¹²
1263 4359 1485 4415 exercendodlid·
1568 4379 1569 4382 ’

337 4427 358 4464 ¹⁸
373 4423 528 4478 redsecundo
540 4427 569 4478 0.
784 4425 804 4459 ¹⁴
820 4439 893 4494 quern
904 4424 936 4478 0.
