3230 5200
133 587 203 634 Gn.
220 592 275 648 XL]
503 597 547 642 DE
569 597 756 644 nasamone
777 598 1032 644 luonuunclona.
1307 575 1371 644 201

136 768 234 832 siout
246 771 395 833 Verbnm¹
414 777 511 852 potest
530 795 591 835 esse
609 775 762 836 dominns¹
782 775 898 837 sibimet
917 780 948 837 et
967 776 1109 850 minister,
1125 794 1158 835 ao
1170 789 1303 842 assotum
1343 802 1372 842 so

137 879 220 936 tota
250 878 365 953 generis
391 879 512 939 humani
539 880 684 957 cognacio,
708 881 750 940 sio
772 885 870 958 potest
895 901 956 941 esse
975 885 1056 942 totus
1081 879 1159 956 ignis
1170 841 1375 982 {liiiiffim}

19 978 124 1047 timo]
139 983 178 1038 et
213 981 347 1057 quelibet
363 979 369 1061 Ι
386 981 450 1042 eius
475 1002 542 1061 pars
569 985 787 1062 quantitative:
819 1004 873 1044 noo
902 985 986 1045 oredo
1013 984 1157 1045 racionem
1170 943 1326 1083 &3332oe
1334 991 1372 1036 th·

138 1081 336 1145 diversitatis
351 1086 530 1162 possibiliter
545 1087 755 1164 assignandam.
797 1085 843 1147 2⁴⁰
863 1088 966 1149 dieunt
979 1089 1066 1167 quod,
1082 1088 1159 1149 mont

100 1180 287 1247 bverbum
313 1194 357 1250 est
382 1193 498 1250 tantm
517 1211 594 1252 unns
617 1193 724 1267 homo,⁸
738 1193 779 1252 sio
803 1193 882 1271 quod
902 1213 960 1252 non
986 1192 1083 1266 multi,
1106 1212 1158 1270 po·

140 1293 252 1350 nendo
279 1293 358 1370 quod
379 1294 461 1354 millo
482 1296 531 1355 vel
551 1297 697 1374 quotlibet
715 1296 914 1357 humanitates
934 1297 1090 1375 assumpsit
1116 1296 1158 1356 sio

143 1399 200 1454 est
219 1399 337 1456 tentum
356 1417 434 1458 unus
449 1399 526 1476 ignis
546 1401 618 1461 lieet
635 1402 765 1462 infinitas
786 1400 942 1478 igneitates
959 1400 1155 1478 assumpserit.

144 1497 242 1564 Quod
255 1519 314 1559 non
333 1501 437 1562 dionnt
455 1503 502 1562 ilii
518 1505 570 1583 qui
588 1510 703 1583 ponunt
715 1506 845 1565 Verbum
864 1505 896 1564 in
916 1525 984 1565 oesu
1003 1505 1075 1564 illo‘
1094 1524 1157 1565 esse

145 1603 265 1662 multos
287 1604 428 1665 homines.
479 1607 520 1668 Et
541 1613 623 1686 patet
643 1609 730 1686 plano
750 1611 862 1684 rengs⁵
888 1608 1157 1669 inconvenienoium

89 1703 133 1758 10
147 1706 331 1782 supradicte,
359 1728 426 1768 oum
452 1712 545 1770 omnis
568 1713 733 1772 substansia
756 1732 811 1789 per
836 1731 867 1772 se
893 1711 925 1770 in
952 1731 1056 1787 genere
1082 1713 1158 1772 foret

148 1810 253 1884 Peter,
280 1811 385 1884 Filius,
413 1814 463 1873 vel
486 1814 614 1893 Spiritus
641 1821 776 1876 sanatus:
799 1820 830 1877 ot
856 1816 897 1876 sio
923 1816 1078 1894 utrobique
1104 1817 1158 1876 illa

148 1914 232 1974 tria·
257 1916 405 1993 supposita
430 1916 519 1976 simul
539 1937 638 1978 omnes
661 1918 825 1978 substanoie
848 1922 880 1978 et
902 1918 1000 1978 omnia
1027 1919 1158 1978 ooeiden·

149 2019 236 2080 tibus
262 2018 418 2080 informato
449 2020 490 2080 sio
516 2021 602 2100 quod,
624 2021 791 2099 ubieunque
812 2025 858 2081 est
882 2041 960 2081 nnus
981 2022 1068 2098 ignis,
1088 2027 1158 2082 sunt

150 2127 215 2183 tres
236 2123 319 2198 ignes
339 2124 526 2197 solummodo,
546 2123 599 2202 qui
621 2129 690 2184 sunt
706 2144 814 2185 omnes.
854 2125 1038 2186 Infinitntem
1059 2118 1241 2210 autemzfflffi
1258 2119 1372 2215 monii

97 2227 138 2282 15
152 2226 426 2286 inconvenienoium
445 2247 502 2305 que
522 2230 661 2287 seountur
673 2227 792 2287 videtur
811 2228 901 2288 miehi
921 2231 1046 2290 stultum
1065 2231 1156 2292 dedu·
1169 2219 1260 2264 ussum

153 2349 229 2404 aare,
244 2350 312 2390 oum
325 2330 422 2408 gignit
433 2331 658 2392 sollicitudinem
674 2332 843 2410 apperenoio
857 2333 919 2393 siue
933 2333 1043 2395 iruotu.

550 2604 636 2702 Cap.
663 2605 756 2680 XII.

203 2739 388 2828 [Recitamo
417 2745 568 2824 optatam
593 2747 693 2810 samaa
722 2748 759 2810 de
787 2749 990 2828 aaaampeione
1021 2753 1157 2813 creatore

155 2857 291 2918 declarem
319 2857 406 2936 qaod,
438 2857 467 2919 oi
493 2862 657 2921 aommeret
689 2861 801 2922 maltos
829 2861 1041 2938 humanitates,
1070 2863 1159 2940 soret

155 2969 248 3031 malti
259 2968 401 3045 homimis,
417 2969 495 3031 sabat
505 2970 601 3031 ds'otat
615 2972 763 3033 scotaneto
776 2973 876 3033 saneti
891 2971 1011 3035 Thema.

198 3077 336 3159 Aquinst
360 3081 409 3143 aa
431 3081 548 3144 emerat
574 3083 710 3162 opinions
734 3083 800 3145 that
825 3069 887 3163 aoy
916 3084 1014 3146 diotae
1039 3081 1157 3146 Person

154 3211 212 3254 aaa
234 3211 350 3255 assume
376 3189 420 3276 (a)
445 3214 508 3274 any
527 3196 647 3257 ereated
667 3199 798 3270 Μίνω
825 3193 869 3278 (b)
896 3214 983 3274 every
1002 3194 1157 3258 substance

154 3304 284 3383 cristino
306 3303 344 3384 by
369 3306 457 3384 itoels
473 3305 536 3367 aad
559 3306 630 3386 only
652 3307 724 3368 eat
749 3327 769 3368 a
793 3306 948 3369 substance
956 3327 969 3382 ;
1000 3302 1041 3389 (e)
1070 3327 1157 3386 aoery

154 3417 291 3478 ratsbool
302 3419 438 3479 oreatare
453 3416 573 3496 capable
584 3416 698 3496 osbls'es
712 3419 775 3480 aad
787 3420 859 3499 only
873 3420 946 3481 aaeb
962 3439 981 3481 a
996 3421 1156 3482 ereatura:

154 3526 181 3587 s‘t
203 3527 228 3587 o
250 3528 413 3590 connected
433 3527 500 3590 taos
521 3528 593 3607 only
616 3527 664 3590 the
686 3526 781 3592 Word
801 3529 889 3592 ooald
908 3549 1024 3592 assume
1043 3530 1157 3591 human

154 3641 273 3714 nature,
289 3639 353 3701 aad
366 3639 433 3701 teat
447 3640 518 3720 only
532 3641 564 3701 ia
585 3639 634 3702 tao
653 3659 724 3701 nean
743 3638 846 3704 Obn'at
862 3638 977 3704 Jesas:
1000 3641 1064 3702 aad
1083 3642 1109 3702 it
1130 3642 1157 3702 ie

155 3751 272 3829 aryaed
292 3752 451 3831 socordiae
467 3755 496 3814 to
512 3752 689 3814 theotetam
704 3752 743 3830 of
755 3749 803 3815 st.
823 3751 952 3814 Thomas
967 3752 1043 3828 ttae,
1059 3753 1092 3832 is
1108 3753 1157 3815 the
1168 3818 1236 3861 m
1296 3819 1370 3863 mm

162 3859 260 3928 Word
271 3863 410 3924 assumo
421 3882 515 3942 many
528 3863 719 3940 humanitas,
735 3863 772 3925 loe
786 3862 885 3925 would
905 3862 938 3925 be
952 3883 1045 3944 nsaay
1059 3857 1153 3948 mese]
1168 3869 1284 3962 ffiffiff
1296 3871 1370 3974 Ἣ

195 3995 253 4056 Sed
279 3995 510 4056 desosndondum
536 3999 582 4056 est
608 3995 644 4055 od
670 3995 869 4056 trimembrem
894 3995 1070 4071 posioionem
1095 3969 1370 4073 mo·iii⁸iiie⁸⁸iu„.

154 4097 310 4158 domorum
330 4099 382 4177 qui
399 4099 481 4158 inani
499 4099 695 4160 sollieitudine
708 4101 873 4159 venantur⁷
886 4099 958 4176 qnid
976 4099 1157 4175 contingeret
1167 4070 1370 4214 Ξωῇὦξ

104 4213 142 4268 20
155 4204 179 4263 ei
204 4203 337 4262 Christus
361 4204 470 4263 multas
495 4203 694 4264 humanitates
719 4207 888 4264 assumeret.
929 4203 1056 4262 Falsitas
1077 4204 1156 4264 enim
1168 4229 1236 4262 mr.

197 4329 207 4363 ¹
224 4346 273 4380 non
284 4332 339 4380 add.
355 4331 383 4380 Β.
512 4330 695 4382 'domena
834 4329 922 4380 ⁸arruns
932 4329 1061 4381 horream.
1075 4330 1105 4381 0.
1171 4329 1260 4382 ‘illud
1271 4331 1302 4384 0.

196 4395 607 4512 :ffssrgflwfflpfflt
625 4394 763 4463 arenga&
780 4397 1070 4512 mptvetpihezlgm
1081 4394 1110 4446 0·

284 4477 329 4512 m,
367 4497 374 4514 ,
1015 4495 1023 4511 .
