<?xml version="1.0" encoding="UTF-8"?>
<!DOCTYPE html PUBLIC "-//W3C//DTD XHTML 1.0 Transitional//EN"
    "http://www.w3.org/TR/xhtml1/DTD/xhtml1-transitional.dtd">
<html xmlns="http://www.w3.org/1999/xhtml" xml:lang="en" lang="en">
 <head>
  <title>
</title>
<meta http-equiv="Content-Type" content="text/html;charset=utf-8" />
  <meta name='ocr-system' content='tesseract 3.04.00' />
  <meta name='ocr-capabilities' content='ocr_page ocr_carea ocr_par ocr_line ocrx_word'/>
</head>
<body>
  <div class='ocr_page' id='page_1' title='image "./johanniswyclift03wyclgoog_0201.png"; bbox 0 0 3242 5258; ppageno 0'>
   <div class='ocr_carea' id='block_1_1' title="bbox 120 576 1012 632">
    <p class='ocr_par' dir='ltr' id='par_1_1' title="bbox 120 576 1012 632">
     <span class='ocr_line' id='line_1_1' title="bbox 120 576 1012 632; baseline 0.009 -12"><span class='ocrx_word' id='word_1_1' title='bbox 120 576 182 622; x_wconf 71' lang='lat' dir='ltr'><strong>car.</strong></span> <span class='ocrx_word' id='word_1_2' title='bbox 194 577 246 632; x_wconf 66' lang='grc'><strong>1.]</strong></span> <span class='ocrx_word' id='word_1_3' title='bbox 479 582 522 627; x_wconf 75' lang='lat' dir='ltr'><strong>DE</strong></span> <span class='ocrx_word' id='word_1_4' title='bbox 546 581 731 628; x_wconf 67' lang='lat' dir='ltr'><strong>numera</strong></span> <span class='ocrx_word' id='word_1_5' title='bbox 753 580 1012 628; x_wconf 65' lang='lat' dir='ltr'><strong>lecturorum.</strong></span> 
     </span>
    </p>
   </div>
   <div class='ocr_carea' id='block_1_2' title="bbox 10 757 1360 2686">
    <p class='ocr_par' dir='ltr' id='par_1_2' title="bbox 10 757 1360 2686">
     <span class='ocr_line' id='line_1_2' title="bbox 123 757 1144 838; baseline 0.002 -22"><span class='ocrx_word' id='word_1_6' title='bbox 123 759 343 836; x_wconf 68' lang='lat' dir='ltr'><strong>suppositam</strong></span> <span class='ocrx_word' id='word_1_7' title='bbox 360 759 589 838; x_wconf 81' lang='lat' dir='ltr'><strong>suppositacione</strong></span> <span class='ocrx_word' id='word_1_8' title='bbox 603 759 709 834; x_wconf 81' lang='lat' dir='ltr'><strong>Verbi3</strong></span> <span class='ocrx_word' id='word_1_9' title='bbox 730 759 813 819; x_wconf 88' lang='lat' dir='ltr'><strong>idec¹</strong></span> <span class='ocrx_word' id='word_1_10' title='bbox 832 763 927 820; x_wconf 87' lang='lat' dir='ltr'><strong>stante</strong></span> <span class='ocrx_word' id='word_1_11' title='bbox 946 757 1144 836; x_wconf 77' lang='lat' dir='ltr'><strong>assumpeione</strong></span> 
     </span>
     <span class='ocr_line' id='line_1_3' title="bbox 123 864 540 939; baseline 0.005 -18"><span class='ocrx_word' id='word_1_12' title='bbox 123 864 306 939; x_wconf 78' lang='lat' dir='ltr'><strong>ypostatiea</strong></span> <span class='ocrx_word' id='word_1_13' title='bbox 317 883 377 924; x_wconf 89' lang='lat' dir='ltr'><strong>non</strong></span> <span class='ocrx_word' id='word_1_14' title='bbox 390 870 434 924; x_wconf 87' lang='lat' dir='ltr'><strong>est</strong></span> <span class='ocrx_word' id='word_1_15' title='bbox 446 866 540 924; x_wconf 88' lang='lat' dir='ltr'><strong>homo.</strong></span> 
     </span>
     <span class='ocr_line' id='line_1_4' title="bbox 171 967 1357 1042; baseline -0.001 -16"><span class='ocrx_word' id='word_1_16' title='bbox 171 967 247 1026; x_wconf 84' lang='lat' dir='ltr'><strong>Ista</strong></span> <span class='ocrx_word' id='word_1_17' title='bbox 267 968 434 1028; x_wconf 84' lang='lat' dir='ltr'><strong>sentencis¹</strong></span> <span class='ocrx_word' id='word_1_18' title='bbox 451 969 510 1028; x_wconf 89' lang='lat' dir='ltr'><strong>iam</strong></span> <span class='ocrx_word' id='word_1_19' title='bbox 528 968 638 1028; x_wconf 74' lang='lat' dir='ltr'><strong>famosa</strong></span> <span class='ocrx_word' id='word_1_20' title='bbox 657 971 703 1028; x_wconf 86' lang='lat' dir='ltr'><strong>est</strong></span> <span class='ocrx_word' id='word_1_21' title='bbox 721 968 811 1027; x_wconf 91' lang='lat' dir='ltr'><strong>michi</strong></span> <span class='ocrx_word' id='word_1_22' title='bbox 831 971 862 1026; x_wconf 90' lang='lat' dir='ltr'><strong>et</strong></span> <span class='ocrx_word' id='word_1_23' title='bbox 879 968 953 1028; x_wconf 78' lang='lat' dir='ltr'><strong>forte</strong></span> <span class='ocrx_word' id='word_1_24' title='bbox 971 967 1038 1026; x_wconf 89' lang='lat' dir='ltr'><strong>aliis</strong></span> <span class='ocrx_word' id='word_1_25' title='bbox 1052 967 1145 1042; x_wconf 76' lang='lat' dir='ltr'><strong>magis</strong></span> <span class='ocrx_word' id='word_1_26' title='bbox 1155 975 1237 1018; x_wconf 63' lang='lat' dir='ltr'><strong>minu</strong></span> <span class='ocrx_word' id='word_1_27' title='bbox 1250 986 1265 1016; x_wconf 76' lang='grc' dir='ltr'>ι</span> <span class='ocrx_word' id='word_1_28' title='bbox 1277 975 1357 1016; x_wconf 64' lang='lat' dir='ltr'><strong>aerea</strong></span> 
     </span>
     <span class='ocr_line' id='line_1_5' title="bbox 125 1026 1357 1150; baseline -0.001 -21"><span class='ocrx_word' id='word_1_29' title='bbox 125 1069 271 1130; x_wconf 83' lang='lat' dir='ltr'><strong>difficilia</strong></span> <span class='ocrx_word' id='word_1_30' title='bbox 283 1091 372 1150; x_wconf 88' lang='lat' dir='ltr'><strong>quam</strong></span> <span class='ocrx_word' id='word_1_31' title='bbox 385 1073 484 1150; x_wconf 89' lang='lat' dir='ltr'><strong>aliqua</strong></span> <span class='ocrx_word' id='word_1_32' title='bbox 497 1072 643 1133; x_wconf 74' lang='lat' dir='ltr'><strong>sentencia</strong></span> <span class='ocrx_word' id='word_1_33' title='bbox 652 1072 838 1150; x_wconf 89' lang='lat' dir='ltr'><strong>antiquorum</strong></span> <span class='ocrx_word' id='word_1_34' title='bbox 851 1073 1001 1131; x_wconf 88' lang='lat' dir='ltr'><strong>doctorum</strong></span> <span class='ocrx_word' id='word_1_35' title='bbox 1012 1038 1181 1147; x_wconf 70' lang='lat' dir='ltr'><strong>superiori²</strong></span> <span class='ocrx_word' id='word_1_36' title='bbox 1227 1026 1357 1118; x_wconf 48' lang='lat' dir='ltr'><strong>officim</strong></span> 
     </span>
     <span class='ocr_line' id='line_1_6' title="bbox 91 1173 1145 1253; baseline -0.002 -19"><span class='ocrx_word' id='word_1_37' title='bbox 91 1173 300 1235; x_wconf 76' lang='lat' dir='ltr'><strong>tinculcata.</strong></span> <span class='ocrx_word' id='word_1_38' title='bbox 341 1177 438 1234; x_wconf 87' lang='lat' dir='ltr'><strong>Primo</strong></span> <span class='ocrx_word' id='word_1_39' title='bbox 456 1195 524 1250; x_wconf 71' lang='lat' dir='ltr'><strong>ergo</strong></span> <span class='ocrx_word' id='word_1_40' title='bbox 537 1177 655 1236; x_wconf 86' lang='lat' dir='ltr'><strong>videtur</strong></span> <span class='ocrx_word' id='word_1_41' title='bbox 673 1175 752 1253; x_wconf 92' lang='lat' dir='ltr'><strong>quod</strong></span> <span class='ocrx_word' id='word_1_42' title='bbox 772 1175 881 1235; x_wconf 81' lang='lat' dir='ltr'><strong>Christi</strong></span> <span class='ocrx_word' id='word_1_43' title='bbox 900 1175 1068 1235; x_wconf 89' lang='lat' dir='ltr'><strong>hnmanitas</strong></span> <span class='ocrx_word' id='word_1_44' title='bbox 1086 1192 1145 1233; x_wconf 89' lang='lat' dir='ltr'><strong>nen</strong></span> 
     </span>
     <span class='ocr_line' id='line_1_7' title="bbox 128 1277 1147 1357; baseline 0.001 -21"><span class='ocrx_word' id='word_1_45' title='bbox 128 1279 345 1355; x_wconf 86' lang='lat' dir='ltr'><strong>suppositatur</strong></span> <span class='ocrx_word' id='word_1_46' title='bbox 366 1280 596 1357; x_wconf 87' lang='lat' dir='ltr'><strong>suppositacione</strong></span> <span class='ocrx_word' id='word_1_47' title='bbox 618 1280 736 1339; x_wconf 88' lang='lat' dir='ltr'><strong>aliena:</strong></span> <span class='ocrx_word' id='word_1_48' title='bbox 769 1281 857 1338; x_wconf 67' lang='lat' dir='ltr'><strong>nam*</strong></span> <span class='ocrx_word' id='word_1_49' title='bbox 879 1298 934 1338; x_wconf 90' lang='lat' dir='ltr'><strong>nen</strong></span> <span class='ocrx_word' id='word_1_50' title='bbox 960 1282 1006 1338; x_wconf 85' lang='lat' dir='ltr'><strong>est</strong></span> <span class='ocrx_word' id='word_1_51' title='bbox 1030 1297 1084 1337; x_wconf 87' lang='lat' dir='ltr'><strong>nec</strong></span> <span class='ocrx_word' id='word_1_52' title='bbox 1110 1277 1147 1337; x_wconf 82' lang='lat' dir='ltr'><strong>fit</strong></span> 
     </span>
     <span class='ocr_line' id='line_1_8' title="bbox 131 1382 1145 1460; baseline 0 -20"><span class='ocrx_word' id='word_1_53' title='bbox 131 1383 345 1458; x_wconf 84' lang='lat' dir='ltr'><strong>suppositum:</strong></span> <span class='ocrx_word' id='word_1_54' title='bbox 375 1389 406 1443; x_wconf 89' lang='lat' dir='ltr'><strong>et</strong></span> <span class='ocrx_word' id='word_1_55' title='bbox 427 1403 511 1442; x_wconf 90' lang='lat' dir='ltr'><strong>omne</strong></span> <span class='ocrx_word' id='word_1_56' title='bbox 534 1382 707 1460; x_wconf 88' lang='lat' dir='ltr'><strong>suppositari</strong></span> <span class='ocrx_word' id='word_1_57' title='bbox 733 1388 778 1442; x_wconf 91' lang='lat' dir='ltr'><strong>est</strong></span> <span class='ocrx_word' id='word_1_58' title='bbox 800 1382 865 1442; x_wconf 86' lang='lat' dir='ltr'><strong>fieri</strong></span> <span class='ocrx_word' id='word_1_59' title='bbox 884 1382 934 1442; x_wconf 80' lang='lat' dir='ltr'><strong>rel</strong></span> <span class='ocrx_word' id='word_1_60' title='bbox 955 1400 1016 1441; x_wconf 86' lang='lat' dir='ltr'><strong>esse</strong></span> <span class='ocrx_word' id='word_1_61' title='bbox 1039 1400 1145 1458; x_wconf 86' lang='lat' dir='ltr'><strong>suppo·</strong></span> 
     </span>
     <span class='ocr_line' id='line_1_9' title="bbox 132 1475 1360 1570; baseline -0.001 -26"><span class='ocrx_word' id='word_1_62' title='bbox 132 1485 254 1544; x_wconf 87' lang='lat' dir='ltr'><strong>situm:</strong></span> <span class='ocrx_word' id='word_1_63' title='bbox 284 1506 352 1562; x_wconf 82' lang='lat' dir='ltr'><strong>ergo</strong></span> <span class='ocrx_word' id='word_1_64' title='bbox 371 1507 430 1545; x_wconf 91' lang='lat' dir='ltr'><strong>non</strong></span> <span class='ocrx_word' id='word_1_65' title='bbox 450 1487 655 1564; x_wconf 88' lang='lat' dir='ltr'><strong>suppositatur.</strong></span> <span class='ocrx_word' id='word_1_66' title='bbox 697 1486 833 1546; x_wconf 85' lang='lat' dir='ltr'><strong>Preterea</strong></span> <span class='ocrx_word' id='word_1_67' title='bbox 850 1486 876 1544; x_wconf 89' lang='lat' dir='ltr'><strong>si</strong></span> <span class='ocrx_word' id='word_1_68' title='bbox 895 1485 996 1563; x_wconf 84' lang='lat' dir='ltr'><strong>aliqua</strong></span> <span class='ocrx_word' id='word_1_69' title='bbox 1015 1483 1145 1561; x_wconf 88' lang='lat' dir='ltr'><strong>supposi-</strong></span> <span class='ocrx_word' id='word_1_70' title='bbox 1157 1478 1224 1570; x_wconf 38' lang='grc' dir='ltr'>ᾗ</span> <span class='ocrx_word' id='word_1_71' title='bbox 1236 1475 1360 1568; x_wconf 49' lang='grc' dir='ltr'><strong>Ἢζζᾞξ</strong></span> 
     </span>
     <span class='ocr_line' id='line_1_10' title="bbox 132 1576 1360 1669; baseline -0.002 -21"><span class='ocrx_word' id='word_1_72' title='bbox 132 1589 260 1648; x_wconf 80' lang='lat' dir='ltr'><strong>taciens</strong></span> <span class='ocrx_word' id='word_1_73' title='bbox 274 1591 471 1667; x_wconf 80' lang='lat' dir='ltr'><strong>suppositetur</strong></span> <span class='ocrx_word' id='word_1_74' title='bbox 488 1609 553 1649; x_wconf 87' lang='lat' dir='ltr'><strong>cum</strong></span> <span class='ocrx_word' id='word_1_75' title='bbox 572 1591 625 1649; x_wconf 89' lang='lat' dir='ltr'><strong>illa</strong></span> <span class='ocrx_word' id='word_1_76' title='bbox 638 1590 731 1648; x_wconf 84' lang='lat' dir='ltr'><strong>‘nulli</strong></span> <span class='ocrx_word' id='word_1_77' title='bbox 750 1589 802 1648; x_wconf 89' lang='lat' dir='ltr'><strong>alii</strong></span> <span class='ocrx_word' id='word_1_78' title='bbox 820 1591 967 1649; x_wconf 69' lang='lat' dir='ltr'><strong>creature*</strong></span> <span class='ocrx_word' id='word_1_79' title='bbox 982 1587 1143 1661; x_wconf 83' lang='lat' dir='ltr'><strong>conveniat,</strong></span> <span class='ocrx_word' id='word_1_80' title='bbox 1156 1576 1360 1669; x_wconf 45' lang='lat' dir='ltr'><strong>wolff*</strong></span> 
     </span>
     <span class='ocr_line' id='line_1_11' title="bbox 79 1690 1148 1771; baseline -0.007 -13"><span class='ocrx_word' id='word_1_81' title='bbox 79 1703 119 1758; x_wconf 84' lang='lat'><strong>10</strong></span> <span class='ocrx_word' id='word_1_82' title='bbox 134 1693 263 1752; x_wconf 81' lang='lat' dir='ltr'><strong>videtur</strong></span> <span class='ocrx_word' id='word_1_83' title='bbox 283 1694 362 1771; x_wconf 88' lang='lat' dir='ltr'><strong>quod</strong></span> <span class='ocrx_word' id='word_1_84' title='bbox 384 1693 423 1752; x_wconf 91' lang='lat' dir='ltr'><strong>sit</strong></span> <span class='ocrx_word' id='word_1_85' title='bbox 445 1693 645 1770; x_wconf 20' lang='lat' dir='ltr'><strong>suppositaciol</strong></span> <span class='ocrx_word' id='word_1_86' title='bbox 660 1693 716 1753; x_wconf 92' lang='lat' dir='ltr'><strong>sibi</strong></span> <span class='ocrx_word' id='word_1_87' title='bbox 736 1693 862 1770; x_wconf 84' lang='lat' dir='ltr'><strong>propria,</strong></span> <span class='ocrx_word' id='word_1_88' title='bbox 885 1696 916 1752; x_wconf 93' lang='lat' dir='ltr'><strong>et</strong></span> <span class='ocrx_word' id='word_1_89' title='bbox 942 1691 983 1752; x_wconf 88' lang='lat' dir='ltr'><strong>sic</strong></span> <span class='ocrx_word' id='word_1_90' title='bbox 1009 1710 1068 1750; x_wconf 91' lang='lat' dir='ltr'><strong>non</strong></span> <span class='ocrx_word' id='word_1_91' title='bbox 1094 1690 1148 1750; x_wconf 84' lang='lat' dir='ltr'><strong>ali·</strong></span> 
     </span>
     <span class='ocr_line' id='line_1_12' title="bbox 19 1794 1148 1878; baseline 0.001 -25"><span class='ocrx_word' id='word_1_92' title='bbox 19 1803 121 1870; x_wconf 71' lang='lat' dir='ltr'><strong>[etot]</strong></span> <span class='ocrx_word' id='word_1_93' title='bbox 136 1797 277 1874; x_wconf 84' lang='lat' dir='ltr'><strong>qualiter</strong></span> <span class='ocrx_word' id='word_1_94' title='bbox 300 1797 428 1878; x_wconf 71' lang='lat' dir='ltr'><strong>[aliena.</strong></span> <span class='ocrx_word' id='word_1_95' title='bbox 484 1797 680 1857; x_wconf 76' lang='lat' dir='ltr'><strong>confirmatur</strong></span> <span class='ocrx_word' id='word_1_96' title='bbox 706 1816 744 1855; x_wconf 84' lang='lat' dir='ltr'><strong>ex</strong></span> <span class='ocrx_word' id='word_1_97' title='bbox 770 1798 825 1856; x_wconf 91' lang='lat' dir='ltr'><strong>hoo</strong></span> <span class='ocrx_word' id='word_1_98' title='bbox 851 1797 930 1874; x_wconf 90' lang='lat' dir='ltr'><strong>quod</strong></span> <span class='ocrx_word' id='word_1_99' title='bbox 956 1794 1148 1872; x_wconf 89' lang='lat' dir='ltr'><strong>suppositacio</strong></span> 
     </span>
     <span class='ocr_line' id='line_1_13' title="bbox 136 1899 1151 1978; baseline -0.002 -18"><span class='ocrx_word' id='word_1_100' title='bbox 136 1921 205 1978; x_wconf 88' lang='lat' dir='ltr'><strong>qna</strong></span> <span class='ocrx_word' id='word_1_101' title='bbox 226 1901 427 1978; x_wconf 84' lang='lat' dir='ltr'><strong>suppositotur</strong></span> <span class='ocrx_word' id='word_1_102' title='bbox 444 1900 604 1960; x_wconf 76' lang='lat' dir='ltr'>formaliter</span> <span class='ocrx_word' id='word_1_103' title='bbox 617 1905 662 1960; x_wconf 87' lang='lat' dir='ltr'><strong>est</strong></span> <span class='ocrx_word' id='word_1_104' title='bbox 675 1901 853 1965; x_wconf 73' lang='lat' dir='ltr'><strong>solummodo</strong></span> <span class='ocrx_word' id='word_1_105' title='bbox 865 1899 1033 1977; x_wconf 88' lang='lat' dir='ltr'><strong>temporalis</strong></span> <span class='ocrx_word' id='word_1_106' title='bbox 1050 1903 1081 1958; x_wconf 88' lang='lat' dir='ltr'><strong>at</strong></span> <span class='ocrx_word' id='word_1_107' title='bbox 1097 1917 1151 1975; x_wconf 84' lang='lat' dir='ltr'><strong>per</strong></span> 
     </span>
     <span class='ocr_line' id='line_1_14' title="bbox 137 2003 1151 2082; baseline -0.003 -18"><span class='ocrx_word' id='word_1_108' title='bbox 137 2023 326 2082; x_wconf 85' lang='lat' dir='ltr'><strong>consequens</strong></span> <span class='ocrx_word' id='word_1_109' title='bbox 359 2005 503 2081; x_wconf 81' lang='lat' dir='ltr'><strong>dependet</strong></span> <span class='ocrx_word' id='word_1_110' title='bbox 535 2005 573 2063; x_wconf 89' lang='lat' dir='ltr'><strong>ab</strong></span> <span class='ocrx_word' id='word_1_111' title='bbox 605 2004 658 2064; x_wconf 92' lang='lat' dir='ltr'><strong>illa</strong></span> <span class='ocrx_word' id='word_1_112' title='bbox 690 2005 881 2077; x_wconf 71' lang='lat' dir='ltr'><strong>humanitate,</strong></span> <span class='ocrx_word' id='word_1_113' title='bbox 910 2005 987 2063; x_wconf 90' lang='lat' dir='ltr'><strong>sicut</strong></span> <span class='ocrx_word' id='word_1_114' title='bbox 1019 2003 1151 2062; x_wconf 84' lang='lat' dir='ltr'><strong>occidens</strong></span> 
     </span>
     <span class='ocr_line' id='line_1_15' title="bbox 138 2105 1151 2186; baseline -0.002 -18"><span class='ocrx_word' id='word_1_115' title='bbox 138 2108 341 2186; x_wconf 83' lang='lat' dir='ltr'><strong>respectirum</strong></span> <span class='ocrx_word' id='word_1_116' title='bbox 368 2108 512 2186; x_wconf 78' lang='lat' dir='ltr'><strong>dependet</strong></span> <span class='ocrx_word' id='word_1_117' title='bbox 538 2109 735 2168; x_wconf 86' lang='lat' dir='ltr'><strong>easencialiter</strong></span> <span class='ocrx_word' id='word_1_118' title='bbox 760 2110 796 2168; x_wconf 86' lang='lat' dir='ltr'><strong>ab</strong></span> <span class='ocrx_word' id='word_1_119' title='bbox 823 2113 962 2167; x_wconf 76' lang='lat' dir='ltr'><strong>extremo</strong></span> <span class='ocrx_word' id='word_1_120' title='bbox 1014 2106 1099 2172; x_wconf 84' lang='lat' dir='ltr'><strong>Quod</strong></span> <span class='ocrx_word' id='word_1_121' title='bbox 1125 2105 1151 2166; x_wconf 89' lang='lat' dir='ltr'><strong>si</strong></span> 
     </span>
     <span class='ocr_line' id='line_1_16' title="bbox 10 2210 1151 2290; baseline -0.002 -18"><span class='ocrx_word' id='word_1_122' title='bbox 10 2221 127 2290; x_wconf 63' lang='lat' dir='ltr'><strong>[llus]</strong></span> <span class='ocrx_word' id='word_1_123' title='bbox 141 2214 264 2272; x_wconf 85' lang='lat' dir='ltr'><strong>dicatur</strong></span> <span class='ocrx_word' id='word_1_124' title='bbox 282 2213 541 2289; x_wconf 77' lang='lat' dir='ltr'><strong>suppositacionem</strong></span> <span class='ocrx_word' id='word_1_125' title='bbox 561 2213 643 2271; x_wconf 87' lang='lat' dir='ltr'><strong>illam</strong></span> <span class='ocrx_word' id='word_1_126' title='bbox 660 2212 666 2290; x_wconf 92' lang='grc' dir='ltr'>Ι</span> <span class='ocrx_word' id='word_1_127' title='bbox 683 2233 745 2272; x_wconf 87' lang='lat' dir='ltr'><strong>esse</strong></span> <span class='ocrx_word' id='word_1_128' title='bbox 764 2212 946 2289; x_wconf 72' lang='lat' dir='ltr'><strong>suppositam</strong></span> <span class='ocrx_word' id='word_1_129' title='bbox 963 2210 1063 2284; x_wconf 82' lang='lat' dir='ltr'><strong>Verbi,</strong></span> <span class='ocrx_word' id='word_1_130' title='bbox 1079 2214 1151 2270; x_wconf 87' lang='lat' dir='ltr'><strong>tune</strong></span> 
     </span>
     <span class='ocr_line' id='line_1_17' title="bbox 142 2316 1183 2396; baseline -0.003 -20"><span class='ocrx_word' id='word_1_131' title='bbox 142 2317 269 2376; x_wconf 89' lang='lat' dir='ltr'><strong>indubie</strong></span> <span class='ocrx_word' id='word_1_132' title='bbox 290 2316 446 2376; x_wconf 84' lang='lat' dir='ltr'><strong>cuiuslibet</strong></span> <span class='ocrx_word' id='word_1_133' title='bbox 467 2317 613 2396; x_wconf 77' lang='lat' dir='ltr'><strong>suppositi</strong></span> <span class='ocrx_word' id='word_1_134' title='bbox 634 2317 724 2376; x_wconf 89' lang='lat' dir='ltr'><strong>creati</strong></span> <span class='ocrx_word' id='word_1_135' title='bbox 747 2316 940 2393; x_wconf 85' lang='lat' dir='ltr'><strong>suppositacie</strong></span> <span class='ocrx_word' id='word_1_136' title='bbox 967 2316 1112 2392; x_wconf 84' lang='lat' dir='ltr'><strong>dependet</strong></span> <span class='ocrx_word' id='word_1_137' title='bbox 1134 2334 1152 2373; x_wconf 93' lang='lat' dir='ltr'><strong>a</strong></span> <span class='ocrx_word' id='word_1_138' title='bbox 1180 2349 1183 2354; x_wconf 67' lang='lat'>,</span> 
     </span>
     <span class='ocr_line' id='line_1_18' title="bbox 144 2417 1153 2497; baseline -0.003 -18"><span class='ocrx_word' id='word_1_139' title='bbox 144 2419 379 2497; x_wconf 85' lang='lat' dir='ltr'><strong>suppositacione</strong></span> <span class='ocrx_word' id='word_1_140' title='bbox 399 2419 505 2490; x_wconf 84' lang='lat' dir='ltr'><strong>aliena,</strong></span> <span class='ocrx_word' id='word_1_141' title='bbox 527 2419 598 2497; x_wconf 88' lang='lat' dir='ltr'><strong>quia</strong></span> <span class='ocrx_word' id='word_1_142' title='bbox 617 2439 635 2479; x_wconf 94' lang='lat' dir='ltr'><strong>a</strong></span> <span class='ocrx_word' id='word_1_143' title='bbox 654 2419 802 2497; x_wconf 83' lang='lat' dir='ltr'><strong>supposito</strong></span> <span class='ocrx_word' id='word_1_144' title='bbox 822 2420 950 2478; x_wconf 86' lang='lat' dir='ltr'><strong>increato</strong></span> <span class='ocrx_word' id='word_1_145' title='bbox 970 2423 1001 2478; x_wconf 90' lang='lat' dir='ltr'><strong>et</strong></span> <span class='ocrx_word' id='word_1_146' title='bbox 1020 2419 1058 2477; x_wconf 91' lang='lat' dir='ltr'><strong>ad</strong></span> <span class='ocrx_word' id='word_1_147' title='bbox 1077 2417 1153 2476; x_wconf 91' lang='lat' dir='ltr'><strong>illud</strong></span> 
     </span>
     <span class='ocr_line' id='line_1_19' title="bbox 143 2522 1151 2600; baseline -0.001 -18"><span class='ocrx_word' id='word_1_148' title='bbox 143 2522 278 2582; x_wconf 86' lang='lat' dir='ltr'><strong>finaliter</strong></span> <span class='ocrx_word' id='word_1_149' title='bbox 294 2523 486 2596; x_wconf 87' lang='lat' dir='ltr'><strong>terminatur;</strong></span> <span class='ocrx_word' id='word_1_150' title='bbox 507 2529 538 2582; x_wconf 89' lang='lat' dir='ltr'><strong>et</strong></span> <span class='ocrx_word' id='word_1_151' title='bbox 558 2543 611 2600; x_wconf 88' lang='lat' dir='ltr'><strong>per</strong></span> <span class='ocrx_word' id='word_1_152' title='bbox 630 2543 808 2600; x_wconf 89' lang='lat' dir='ltr'><strong>consequens</strong></span> <span class='ocrx_word' id='word_1_153' title='bbox 827 2523 944 2582; x_wconf 87' lang='lat' dir='ltr'><strong>nullum</strong></span> <span class='ocrx_word' id='word_1_154' title='bbox 957 2527 1033 2582; x_wconf 85' lang='lat' dir='ltr'><strong>esset</strong></span> <span class='ocrx_word' id='word_1_155' title='bbox 1046 2541 1151 2600; x_wconf 84' lang='lat' dir='ltr'><strong>suppo·</strong></span> 
     </span>
     <span class='ocr_line' id='line_1_20' title="bbox 145 2627 389 2686; baseline 0 0"><span class='ocrx_word' id='word_1_156' title='bbox 145 2627 239 2686; x_wconf 89' lang='lat' dir='ltr'><strong>situm</strong></span> <span class='ocrx_word' id='word_1_157' title='bbox 254 2631 389 2686; x_wconf 79' lang='lat' dir='ltr'><strong>creatum.</strong></span> 
     </span>
    </p>
   </div>
   <div class='ocr_carea' id='block_1_3' title="bbox 18 2717 1365 2808">
    <p class='ocr_par' dir='ltr' id='par_1_3' title="bbox 18 2717 1365 2808">
     <span class='ocr_line' id='line_1_21' title="bbox 18 2717 1365 2808; baseline -0.005 -18"><span class='ocrx_word' id='word_1_158' title='bbox 18 2717 132 2788; x_wconf 50' lang='grc' dir='ltr'><strong>[ΜΝ]</strong></span> <span class='ocrx_word' id='word_1_159' title='bbox 190 2731 248 2790; x_wconf 82' lang='lat' dir='ltr'><strong>Sed</strong></span> <span class='ocrx_word' id='word_1_160' title='bbox 274 2729 323 2789; x_wconf 92' lang='lat' dir='ltr'><strong>hic</strong></span> <span class='ocrx_word' id='word_1_161' title='bbox 349 2731 422 2789; x_wconf 86' lang='lat' dir='ltr'><strong>dicit</strong></span> <span class='ocrx_word' id='word_1_162' title='bbox 447 2730 556 2790; x_wconf 77' lang='lat' dir='ltr'><strong>Ductor</strong></span> <span class='ocrx_word' id='word_1_163' title='bbox 583 2731 707 2790; x_wconf 82' lang='lat' dir='ltr'><strong>Subtilis</strong></span> <span class='ocrx_word' id='word_1_164' title='bbox 733 2751 820 2808; x_wconf 87' lang='lat' dir='ltr'><strong>super</strong></span> <span class='ocrx_word' id='word_1_165' title='bbox 847 2731 882 2790; x_wconf 82' lang='lat'><strong>3⁰</strong></span> <span class='ocrx_word' id='word_1_166' title='bbox 906 2729 1147 2804; x_wconf 73' lang='lat' dir='ltr'><strong>Sententiarum!</strong></span> <span class='ocrx_word' id='word_1_167' title='bbox 1165 2725 1225 2768; x_wconf 59' lang='lat'><strong>”¹²¹²</strong></span> <span class='ocrx_word' id='word_1_168' title='bbox 1256 2724 1365 2766; x_wconf 58' lang='grc' dir='ltr'><strong>ΝΜ·</strong></span> 
     </span>
    </p>
   </div>
   <div class='ocr_carea' id='block_1_4' title="bbox 1164 2776 1364 2826">
    <p class='ocr_par' dir='ltr' id='par_1_4' title="bbox 1164 2776 1364 2826">
     <span class='ocr_line' id='line_1_22' title="bbox 1164 2776 1364 2826; baseline -0.025 -8"><span class='ocrx_word' id='word_1_169' title='bbox 1164 2782 1188 2818; x_wconf 86' lang='lat' dir='ltr'><strong>to</strong></span> <span class='ocrx_word' id='word_1_170' title='bbox 1204 2776 1364 2826; x_wconf 66' lang='lat' dir='ltr'><strong>suppositamve</strong></span> 
     </span>
    </p>
   </div>
   <div class='ocr_carea' id='block_1_5' title="bbox 11 2826 1366 4436">
    <p class='ocr_par' dir='ltr' id='par_1_5' title="bbox 11 2826 1366 4436">
     <span class='ocr_line' id='line_1_23' title="bbox 147 2826 1365 2926; baseline -0.002 -33"><span class='ocrx_word' id='word_1_171' title='bbox 147 2834 230 2893; x_wconf 86' lang='lat' dir='ltr'><strong>Dist.</strong></span> <span class='ocrx_word' id='word_1_172' title='bbox 247 2838 277 2891; x_wconf 85' lang='lat'><strong>1·</strong></span> <span class='ocrx_word' id='word_1_173' title='bbox 294 2833 450 2899; x_wconf 82' lang='lat' dir='ltr'><strong>Questione</strong></span> <span class='ocrx_word' id='word_1_174' title='bbox 468 2834 585 2894; x_wconf 78' lang='lat' dir='ltr'><strong>articuli</strong></span> <span class='ocrx_word' id='word_1_175' title='bbox 605 2832 631 2893; x_wconf 81' lang='lat'><strong>3¹</strong></span> <span class='ocrx_word' id='word_1_176' title='bbox 644 2835 722 2913; x_wconf 90' lang='lat' dir='ltr'><strong>quod</strong></span> <span class='ocrx_word' id='word_1_177' title='bbox 739 2841 784 2894; x_wconf 89' lang='lat' dir='ltr'><strong>est</strong></span> <span class='ocrx_word' id='word_1_178' title='bbox 800 2834 870 2893; x_wconf 88' lang='lat' dir='ltr'><strong>dare</strong></span> <span class='ocrx_word' id='word_1_179' title='bbox 885 2835 1049 2910; x_wconf 74' lang='lat' dir='ltr'><strong>‘triplicem</strong></span> <span class='ocrx_word' id='word_1_180' title='bbox 1063 2851 1151 2908; x_wconf 82' lang='lat' dir='ltr'><strong>nega-</strong></span> <span class='ocrx_word' id='word_1_181' title='bbox 1164 2826 1365 2926; x_wconf 49' lang='lat' dir='ltr'><strong>gffilffiffiusslfflg</strong></span> 
     </span>
     <span class='ocr_line' id='line_1_24' title="bbox 148 2925 1365 3018; baseline -0.003 -20"><span class='ocrx_word' id='word_1_182' title='bbox 148 2938 272 3008; x_wconf 89' lang='lat' dir='ltr'><strong>cionem,</strong></span> <span class='ocrx_word' id='word_1_183' title='bbox 290 2937 367 2997; x_wconf 88' lang='lat' dir='ltr'><strong>sieut</strong></span> <span class='ocrx_word' id='word_1_184' title='bbox 384 2943 416 2997; x_wconf 91' lang='lat' dir='ltr'><strong>et</strong></span> <span class='ocrx_word' id='word_1_185' title='bbox 432 2937 577 3015; x_wconf 83' lang='lat' dir='ltr'><strong>triplicem</strong></span> <span class='ocrx_word' id='word_1_186' title='bbox 596 2939 821 3016; x_wconf 75' lang='lat' dir='ltr'><strong>dependentium</strong></span> <span class='ocrx_word' id='word_1_187' title='bbox 839 2939 1044 3016; x_wconf 81' lang='lat' dir='ltr'><strong>pertinentem.</strong></span> <span class='ocrx_word' id='word_1_188' title='bbox 1086 2935 1151 2995; x_wconf 80' lang='lat' dir='ltr'><strong>Ali-</strong></span> <span class='ocrx_word' id='word_1_189' title='bbox 1164 2928 1232 3018; x_wconf 57' lang='lat' dir='ltr'>ffl</span> <span class='ocrx_word' id='word_1_190' title='bbox 1247 2925 1365 3015; x_wconf 50' lang='grc' dir='ltr'><strong>ἪΉ</strong></span> 
     </span>
     <span class='ocr_line' id='line_1_25' title="bbox 150 3026 1366 3128; baseline -0.002 -28"><span class='ocrx_word' id='word_1_191' title='bbox 150 3041 225 3120; x_wconf 89' lang='lat' dir='ltr'><strong>quid</strong></span> <span class='ocrx_word' id='word_1_192' title='bbox 251 3042 347 3100; x_wconf 72' lang='lat' dir='ltr'><strong>anim⁸</strong></span> <span class='ocrx_word' id='word_1_193' title='bbox 374 3042 529 3100; x_wconf 74' lang='lat' dir='ltr'><strong>actualiter</strong></span> <span class='ocrx_word' id='word_1_194' title='bbox 560 3043 704 3120; x_wconf 87' lang='lat' dir='ltr'><strong>dependet</strong></span> <span class='ocrx_word' id='word_1_195' title='bbox 730 3062 748 3102; x_wconf 94' lang='lat' dir='ltr'><strong>a</strong></span> <span class='ocrx_word' id='word_1_196' title='bbox 781 3041 1013 3118; x_wconf 84' lang='lat' dir='ltr'><strong>suppositacione</strong></span> <span class='ocrx_word' id='word_1_197' title='bbox 1046 3041 1150 3110; x_wconf 86' lang='lat' dir='ltr'><strong>aliena,</strong></span> <span class='ocrx_word' id='word_1_198' title='bbox 1164 3026 1366 3128; x_wconf 41' lang='lat' dir='ltr'><strong>ww&amp;</strong></span> 
     </span>
     <span class='ocr_line' id='line_1_26' title="bbox 151 3126 1289 3224; baseline -0.003 -20"><span class='ocrx_word' id='word_1_199' title='bbox 151 3145 268 3222; x_wconf 88' lang='lat' dir='ltr'><strong>quando</strong></span> <span class='ocrx_word' id='word_1_200' title='bbox 288 3151 333 3204; x_wconf 84' lang='lat' dir='ltr'><strong>est</strong></span> <span class='ocrx_word' id='word_1_201' title='bbox 351 3154 457 3204; x_wconf 86' lang='lat' dir='ltr'><strong>natura</strong></span> <span class='ocrx_word' id='word_1_202' title='bbox 476 3146 618 3222; x_wconf 88' lang='lat' dir='ltr'><strong>completa</strong></span> <span class='ocrx_word' id='word_1_203' title='bbox 637 3146 779 3224; x_wconf 85' lang='lat' dir='ltr'><strong>suppositi</strong></span> <span class='ocrx_word' id='word_1_204' title='bbox 798 3153 903 3205; x_wconf 88' lang='lat' dir='ltr'><strong>nature</strong></span> <span class='ocrx_word' id='word_1_205' title='bbox 923 3143 1097 3221; x_wconf 86' lang='lat' dir='ltr'><strong>superioris;</strong></span> <span class='ocrx_word' id='word_1_206' title='bbox 1117 3148 1154 3202; x_wconf 91' lang='lat' dir='ltr'><strong>ut</strong></span> <span class='ocrx_word' id='word_1_207' title='bbox 1168 3129 1185 3170; x_wconf 86' lang='lat'><strong>¹·</strong></span> <span class='ocrx_word' id='word_1_208' title='bbox 1202 3126 1289 3175; x_wconf 59' lang='lat'><strong>&#39;⁶²⁰⁶‘</strong></span> 
     </span>
     <span class='ocr_line' id='line_1_27' title="bbox 98 3245 1154 3328; baseline -0.001 -23"><span class='ocrx_word' id='word_1_209' title='bbox 98 3248 319 3308; x_wconf 73' lang='lat' dir='ltr'><strong>athamanico</strong></span> <span class='ocrx_word' id='word_1_210' title='bbox 339 3249 467 3308; x_wconf 73' lang='lat' dir='ltr'><strong>Ohrisfi&#39;</strong></span> <span class='ocrx_word' id='word_1_211' title='bbox 487 3269 545 3308; x_wconf 91' lang='lat' dir='ltr'><strong>non</strong></span> <span class='ocrx_word' id='word_1_212' title='bbox 563 3257 608 3309; x_wconf 90' lang='lat' dir='ltr'><strong>est</strong></span> <span class='ocrx_word' id='word_1_213' title='bbox 625 3251 814 3328; x_wconf 88' lang='lat' dir='ltr'><strong>suppositum,</strong></span> <span class='ocrx_word' id='word_1_214' title='bbox 830 3251 881 3308; x_wconf 89' lang='lat' dir='ltr'><strong>sed</strong></span> <span class='ocrx_word' id='word_1_215' title='bbox 893 3255 999 3308; x_wconf 82' lang='lat' dir='ltr'><strong>uatum</strong></span> <span class='ocrx_word' id='word_1_216' title='bbox 1012 3245 1154 3324; x_wconf 87' lang='lat' dir='ltr'><strong>suppositi</strong></span> 
     </span>
     <span class='ocr_line' id='line_1_28' title="bbox 151 3353 1153 3429; baseline -0.004 -17"><span class='ocrx_word' id='word_1_217' title='bbox 151 3353 258 3424; x_wconf 81' lang='lat' dir='ltr'><strong>Verbi3</strong></span> <span class='ocrx_word' id='word_1_218' title='bbox 280 3360 312 3413; x_wconf 87' lang='lat' dir='ltr'><strong>et</strong></span> <span class='ocrx_word' id='word_1_219' title='bbox 334 3353 359 3412; x_wconf 91' lang='lat' dir='ltr'><strong>si</strong></span> <span class='ocrx_word' id='word_1_220' title='bbox 380 3353 508 3412; x_wconf 82' lang='lat' dir='ltr'><strong>Verbum</strong></span> <span class='ocrx_word' id='word_1_221' title='bbox 529 3353 638 3413; x_wconf 86' lang='lat' dir='ltr'><strong>iaceret</strong></span> <span class='ocrx_word' id='word_1_222' title='bbox 658 3355 749 3429; x_wconf 80' lang='lat' dir='ltr'><strong>ipsam</strong></span> <span class='ocrx_word' id='word_1_223' title='bbox 772 3374 833 3414; x_wconf 85' lang='lat' dir='ltr'><strong>esse</strong></span> <span class='ocrx_word' id='word_1_224' title='bbox 857 3372 916 3412; x_wconf 91' lang='lat' dir='ltr'><strong>non</strong></span> <span class='ocrx_word' id='word_1_225' title='bbox 934 3357 1067 3412; x_wconf 86' lang='lat' dir='ltr'><strong>naturam</strong></span> <span class='ocrx_word' id='word_1_226' title='bbox 1087 3371 1153 3427; x_wconf 89' lang='lat' dir='ltr'><strong>per-</strong></span> 
     </span>
     <span class='ocr_line' id='line_1_29' title="bbox 152 3455 1154 3534; baseline -0.003 -18"><span class='ocrx_word' id='word_1_227' title='bbox 152 3459 241 3516; x_wconf 75' lang='lat' dir='ltr'><strong>sone⁸</strong></span> <span class='ocrx_word' id='word_1_228' title='bbox 260 3457 424 3533; x_wconf 82' lang='lat' dir='ltr'><strong>superioris,</strong></span> <span class='ocrx_word' id='word_1_229' title='bbox 439 3462 511 3516; x_wconf 88' lang='lat' dir='ltr'><strong>tuno</strong></span> <span class='ocrx_word' id='word_1_230' title='bbox 530 3463 606 3516; x_wconf 87' lang='lat' dir='ltr'><strong>esset</strong></span> <span class='ocrx_word' id='word_1_231' title='bbox 624 3457 803 3534; x_wconf 89' lang='lat' dir='ltr'><strong>suppositum</strong></span> <span class='ocrx_word' id='word_1_232' title='bbox 818 3461 848 3516; x_wconf 89' lang='lat' dir='ltr'><strong>et</strong></span> <span class='ocrx_word' id='word_1_233' title='bbox 861 3475 989 3533; x_wconf 89' lang='lat' dir='ltr'><strong>persona.</strong></span> <span class='ocrx_word' id='word_1_234' title='bbox 1031 3455 1154 3514; x_wconf 78' lang='lat' dir='ltr'><strong>Niehil·</strong></span> 
     </span>
     <span class='ocr_line' id='line_1_30' title="bbox 152 3558 1156 3638; baseline -0.003 -18"><span class='ocrx_word' id='word_1_235' title='bbox 152 3579 222 3635; x_wconf 85' lang='lat' dir='ltr'><strong>ergo</strong></span> <span class='ocrx_word' id='word_1_236' title='bbox 242 3561 342 3620; x_wconf 87' lang='lat' dir='ltr'><strong>deficit</strong></span> <span class='ocrx_word' id='word_1_237' title='bbox 360 3561 397 3619; x_wconf 92' lang='lat' dir='ltr'><strong>ad</strong></span> <span class='ocrx_word' id='word_1_238' title='bbox 416 3561 470 3620; x_wconf 87' lang='lat' dir='ltr'><strong>hon</strong></span> <span class='ocrx_word' id='word_1_239' title='bbox 490 3561 569 3638; x_wconf 91' lang='lat' dir='ltr'><strong>qnod</strong></span> <span class='ocrx_word' id='word_1_240' title='bbox 588 3561 627 3620; x_wconf 89' lang='lat' dir='ltr'><strong>sit</strong></span> <span class='ocrx_word' id='word_1_241' title='bbox 645 3580 767 3638; x_wconf 87' lang='lat' dir='ltr'><strong>persona</strong></span> <span class='ocrx_word' id='word_1_242' title='bbox 786 3561 843 3619; x_wconf 90' lang='lat' dir='ltr'><strong>nisi</strong></span> <span class='ocrx_word' id='word_1_243' title='bbox 863 3561 921 3619; x_wconf 90' lang='lat' dir='ltr'><strong>ista</strong></span> <span class='ocrx_word' id='word_1_244' title='bbox 939 3559 1058 3634; x_wconf 79' lang='lat' dir='ltr'><strong>negocio</strong></span> <span class='ocrx_word' id='word_1_245' title='bbox 1077 3558 1156 3636; x_wconf 90' lang='lat' dir='ltr'><strong>quod</strong></span> 
     </span>
     <span class='ocr_line' id='line_1_31' title="bbox 153 3663 1153 3740; baseline -0.001 -17"><span class='ocrx_word' id='word_1_246' title='bbox 153 3683 212 3724; x_wconf 91' lang='lat' dir='ltr'><strong>non</strong></span> <span class='ocrx_word' id='word_1_247' title='bbox 226 3671 271 3722; x_wconf 86' lang='lat' dir='ltr'><strong>est</strong></span> <span class='ocrx_word' id='word_1_248' title='bbox 283 3668 387 3722; x_wconf 81' lang='lat' dir='ltr'><strong>natura</strong></span> <span class='ocrx_word' id='word_1_249' title='bbox 398 3665 540 3740; x_wconf 89' lang='lat' dir='ltr'><strong>suppositi</strong></span> <span class='ocrx_word' id='word_1_250' title='bbox 554 3663 707 3740; x_wconf 85' lang='lat' dir='ltr'><strong>superioris</strong></span> <span class='ocrx_word' id='word_1_251' title='bbox 716 3671 830 3724; x_wconf 89' lang='lat' dir='ltr'><strong>nature.</strong></span> <span class='ocrx_word' id='word_1_252' title='bbox 866 3665 937 3723; x_wconf 87' lang='lat' dir='ltr'><strong>Ideo</strong></span> <span class='ocrx_word' id='word_1_253' title='bbox 951 3663 1153 3740; x_wconf 86' lang='lat' dir='ltr'><strong>suppositacio,</strong></span> 
     </span>
     <span class='ocr_line' id='line_1_32' title="bbox 11 3767 1153 3845; baseline -0.003 -16"><span class='ocrx_word' id='word_1_254' title='bbox 11 3839 12 3842; x_wconf 7' lang='grc' dir='ltr'><strong>Ἴ</strong></span> <span class='ocrx_word' id='word_1_255' title='bbox 103 3773 141 3829; x_wconf 83' lang='grc'><strong>80</strong></span> <span class='ocrx_word' id='word_1_256' title='bbox 155 3787 243 3845; x_wconf 88' lang='lat' dir='ltr'><strong>qnam</strong></span> <span class='ocrx_word' id='word_1_257' title='bbox 269 3767 358 3826; x_wconf 90' lang='lat' dir='ltr'><strong>habet</strong></span> <span class='ocrx_word' id='word_1_258' title='bbox 383 3767 415 3826; x_wconf 91' lang='lat' dir='ltr'><strong>in</strong></span> <span class='ocrx_word' id='word_1_259' title='bbox 441 3767 574 3844; x_wconf 88' lang='lat' dir='ltr'><strong>potencia</strong></span> <span class='ocrx_word' id='word_1_260' title='bbox 602 3767 777 3828; x_wconf 84' lang='lat' dir='ltr'><strong>terminatur</strong></span> <span class='ocrx_word' id='word_1_261' title='bbox 802 3767 1032 3844; x_wconf 89' lang='lat' dir='ltr'><strong>suppositacione</strong></span> <span class='ocrx_word' id='word_1_262' title='bbox 1053 3767 1153 3841; x_wconf 85' lang='lat' dir='ltr'><strong>Verbi,</strong></span> 
     </span>
     <span class='ocr_line' id='line_1_33' title="bbox 155 3871 1155 3950; baseline 0.003 -20"><span class='ocrx_word' id='word_1_263' title='bbox 155 3891 214 3950; x_wconf 87' lang='lat' dir='ltr'><strong>que</strong></span> <span class='ocrx_word' id='word_1_264' title='bbox 228 3890 287 3930; x_wconf 90' lang='lat' dir='ltr'><strong>ncn</strong></span> <span class='ocrx_word' id='word_1_265' title='bbox 299 3875 367 3930; x_wconf 82' lang='lat' dir='ltr'><strong>actu</strong></span> <span class='ocrx_word' id='word_1_266' title='bbox 380 3872 430 3930; x_wconf 89' lang='lat' dir='ltr'><strong>sed</strong></span> <span class='ocrx_word' id='word_1_267' title='bbox 442 3871 576 3948; x_wconf 87' lang='lat' dir='ltr'><strong>potencia</strong></span> <span class='ocrx_word' id='word_1_268' title='bbox 593 3877 638 3930; x_wconf 89' lang='lat' dir='ltr'><strong>est</strong></span> <span class='ocrx_word' id='word_1_269' title='bbox 657 3871 753 3930; x_wconf 87' lang='lat' dir='ltr'><strong>aliena</strong></span> <span class='ocrx_word' id='word_1_270' title='bbox 772 3890 790 3930; x_wconf 93' lang='lat' dir='ltr'><strong>a</strong></span> <span class='ocrx_word' id='word_1_271' title='bbox 807 3871 1037 3948; x_wconf 88' lang='lat' dir='ltr'><strong>suppositacione</strong></span> <span class='ocrx_word' id='word_1_272' title='bbox 1050 3878 1155 3934; x_wconf 88' lang='lat' dir='ltr'><strong>nature</strong></span> 
     </span>
     <span class='ocr_line' id='line_1_34' title="bbox 155 3975 1317 4052; baseline -0.003 -18"><span class='ocrx_word' id='word_1_273' title='bbox 155 3976 292 4035; x_wconf 86' lang='lat' dir='ltr'><strong>humone.</strong></span> <span class='ocrx_word' id='word_1_274' title='bbox 318 3979 351 4034; x_wconf 80' lang='lat'><strong>2·</strong></span> <span class='ocrx_word' id='word_1_275' title='bbox 360 3975 554 4051; x_wconf 87' lang='lat' dir='ltr'><strong>dependencia</strong></span> <span class='ocrx_word' id='word_1_276' title='bbox 562 3980 682 4035; x_wconf 81' lang='lat' dir='ltr'><strong>vocatur</strong></span> <span class='ocrx_word' id='word_1_277' title='bbox 695 3976 903 4052; x_wconf 72' lang='lat' dir='ltr'><strong>peoneiam¹03</strong></span> <span class='ocrx_word' id='word_1_278' title='bbox 919 3977 1034 4052; x_wconf 86' lang='lat' dir='ltr'><strong>quando</strong></span> <span class='ocrx_word' id='word_1_279' title='bbox 1045 3977 1155 4038; x_wconf 75' lang='lat' dir='ltr'><strong>scilicet</strong></span> <span class='ocrx_word' id='word_1_280' title='bbox 1167 3981 1187 4032; x_wconf 81' lang='lat'><strong>²·</strong></span> <span class='ocrx_word' id='word_1_281' title='bbox 1199 3980 1317 4032; x_wconf 63' lang='grc' dir='ltr'><strong>Μωᾱιῑτ</strong></span> 
     </span>
     <span class='ocr_line' id='line_1_35' title="bbox 201 4127 1271 4258; baseline 0.001 -79"><span class='ocrx_word' id='word_1_282' title='bbox 201 4127 394 4258; x_wconf 41' lang='grc' dir='ltr'><strong>ἬἏΙΞΞὝ</strong></span> <span class='ocrx_word' id='word_1_283' title='bbox 468 4191 566 4243; x_wconf 56' lang='grc' dir='ltr'><em>Μ</em></span> <span class='ocrx_word' id='word_1_284' title='bbox 609 4128 826 4178; x_wconf 54' lang='lat' dir='ltr'><strong>maome.</strong></span> <span class='ocrx_word' id='word_1_285' title='bbox 1115 4128 1271 4180; x_wconf 67' lang='lat' dir='ltr'><strong>raino.</strong></span> 
     </span>
     <span class='ocr_line' id='line_1_36' title="bbox 201 4192 1326 4308; baseline 0.002 -2"><span class='ocrx_word' id='word_1_286' title='bbox 201 4208 469 4308; x_wconf 64' lang='lat' dir='ltr'><strong>e&#39;urem.s.&#39;&#39;‘&#39;¹²⁸</strong></span> <span class='ocrx_word' id='word_1_287' title='bbox 522 4192 532 4259; x_wconf 67' lang='lat' dir='ltr'><strong>l</strong></span> <span class='ocrx_word' id='word_1_288' title='bbox 569 4229 576 4242; x_wconf 85' lang='lat'>&#39;</span> <span class='ocrx_word' id='word_1_289' title='bbox 611 4256 802 4305; x_wconf 55' lang='lat' dir='ltr'><strong>nermo.</strong></span> <span class='ocrx_word' id='word_1_290' title='bbox 1109 4257 1326 4308; x_wconf 62' lang='lat' dir='ltr'><strong>¹casseaco,</strong></span> 
     </span>
     <span class='ocr_line' id='line_1_37' title="bbox 202 4321 1088 4436; baseline -0.001 -64"><span class='ocrx_word' id='word_1_291' title='bbox 202 4321 214 4354; x_wconf 80' lang='lat'>⁸</span> <span class='ocrx_word' id='word_1_292' title='bbox 229 4321 268 4436; x_wconf 64' lang='lat' dir='ltr'><strong>P‘l</strong></span> <span class='ocrx_word' id='word_1_293' title='bbox 278 4323 342 4436; x_wconf 62' lang='grc'><strong><em>3441.</em></strong></span> <span class='ocrx_word' id='word_1_294' title='bbox 352 4337 429 4374; x_wconf 66' lang='lat' dir='ltr'><strong>om:</strong></span> <span class='ocrx_word' id='word_1_295' title='bbox 448 4323 510 4386; x_wconf 70' lang='grc' dir='ltr'><em>Μ</em></span> <span class='ocrx_word' id='word_1_296' title='bbox 518 4323 677 4384; x_wconf 64' lang='lat' dir='ltr'><strong>nundinor</strong></span> <span class='ocrx_word' id='word_1_297' title='bbox 688 4325 815 4394; x_wconf 56' lang='lat' dir='ltr'><strong>“imper</strong></span> <span class='ocrx_word' id='word_1_298' title='bbox 822 4324 996 4436; x_wconf 50' lang='lat' dir='ltr'><strong>Begiqnfflom</strong></span> <span class='ocrx_word' id='word_1_299' title='bbox 1002 4329 1088 4386; x_wconf 80' lang='lat' dir='ltr'><strong>potest.</strong></span> 
     </span>
    </p>
   </div>
   <div class='ocr_carea' id='block_1_6' title="bbox 201 4383 1241 4552">
    <p class='ocr_par' dir='ltr' id='par_1_6' title="bbox 201 4383 1241 4552">
     <span class='ocr_line' id='line_1_38' title="bbox 201 4383 814 4527; baseline -0.002 -90"><span class='ocrx_word' id='word_1_300' title='bbox 201 4387 258 4437; x_wconf 77' lang='lat' dir='ltr'><strong>&#39;ra</strong></span> <span class='ocrx_word' id='word_1_301' title='bbox 303 4421 311 4436; x_wconf 91' lang='lat'><strong>.</strong></span> <span class='ocrx_word' id='word_1_302' title='bbox 558 4383 814 4527; x_wconf 46' lang='lat' dir='ltr'><strong>“ulad</strong></span> 
     </span>
     <span class='ocr_line' id='line_1_39' title="bbox 1212 4503 1241 4552; baseline 0 0"><span class='ocrx_word' id='word_1_303' title='bbox 1212 4503 1241 4552; x_wconf 88' lang='lat'><strong>11</strong></span> 
     </span>
    </p>
   </div>
   <div class='ocr_carea' id='block_1_7' title="bbox 0 0 1645 5258">
    <p class='ocr_par' dir='ltr' id='par_1_7' title="bbox 0 0 1645 5258">
     <span class='ocr_line' id='line_1_40' title="bbox 0 0 1645 5258; baseline 0 0"><span class='ocrx_word' id='word_1_304' title='bbox 0 0 1645 5258; x_wconf 95' lang='lat' dir='ltr'><strong> </strong></span> 
     </span>
    </p>
   </div>
  </div>
 </body>
</html>
