3242 5258
116 588 183 632 car.
199 589 261 642 11.)
483 593 528 638 ΒΕ
550 592 740 639 nnusmcra
760 592 1019 638 mememortn.

118 771 180 830 sed
197 771 382 848 generaliter
401 773 436 832 ¹e
456 775 556 832 eontra
575 769 679 849 primo,
696 771 772 832 siout
790 771 956 833 substancia
975 775 1021 831 est
1039 775 1145 830 notura

26 885 104 955 me]
119 875 299 950 singularis
315 877 382 938 date
403 876 518 954 speeiei,
534 878 569 936 ut
582 875 738 948 Christus,¹
751 894 825 952 eque
842 875 847 955 Ι
864 875 957 953 primo
976 879 1021 936 est
1040 894 1145 952 suppo-

121 979 231 1039 situm
258 983 386 1042 humane
412 985 528 1053 nature,
556 980 634 1040 sieut
660 984 705 1040 est
734 999 855 1056 persone
884 979 1020 1040 hominis.
1073 979 1146 1039 Ideo

122 1081 277 1142 Christus
298 1083 382 1161 prius
404 1088 450 1143 est
469 1102 592 1160 persone
616 1103 704 1161 quem
727 1088 772 1143 est
799 1101 922 1160 persona
945 1081 1072 1142 hominis
1097 1081 1147 1141 rel

86 1186 309 1250 osubmcia
335 1187 502 1264 singularis.
555 1187 785 1263 verumptamen
810 1205 870 1245 non
897 1190 942 1246 est
967 1187 1036 1246 onio
1069 1185 1359 1245 interlnditlthmrd·

1159 1258 1199 1288 oue
1218 1253 1241 1288 to
1262 1247 1360 1296 spplyto

124 1288 296 1348 divinum²
317 1291 499 1368 suppositum
521 1294 553 1349 et
573 1309 725 1367 personam
746 1289 877 1349 divinam
902 1297 1043 1366 tanquam
1069 1289 1147 1348 inter
1159 1297 1360 1388 {l‘ssffiffl‘ssff

127 1395 309 1470 generalius
322 1399 353 1454 et
366 1395 553 1470 eontreoeius,
570 1394 647 1454 deut
660 1398 705 1454 est
717 1393 749 1452 in
761 1393 1020 1471 personalitatibus
1033 1392 1144 1452 orestis.
1159 1398 1256 1489 muz
1273 1396 1360 1490 mg

129 1496 197 1556 Sed
220 1501 253 1556 et
273 1497 305 1555 in
325 1497 386 1556 illis
408 1517 467 1556 non
489 1499 611 1574 oportet,
636 1496 661 1556 si
681 1496 785 1556 Petrus
805 1496 843 1555 sit
860 1495 943 1573 prius
966 1495 1147 1573 suppositum
1159 1499 1274 1540 “bm-

130 1601 308 1661 substaneie
328 1620 417 1679 quam
435 1619 559 1679 pereum
577 1601 702 1659 humane
722 1603 837 1671 nature,
855 1599 934 1676 quod
951 1600 1066 1676 potest³
1085 1618 1147 1658 esse

76 1717 118 1774 10
132 1705 326 1782 suppositum
364 1725 424 1764 non
456 1724 588 1782 persona,
623 1707 660 1764 ut
691 1707 775 1781 patet
808 1723 847 1763 ex
880 1702 967 1764 dietis
1004 1701 1145 1778 superius.

134 1807 339 1884 Singularitas
362 1827 430 1884 ergo
454 1807 563 1867 christi
584 1809 629 1867 est
649 1806 791 1884 posterior
812 1827 865 1866 sue
886 1806 1103 1884 personalitate,
1117 1810 1148 1866 et

134 1920 281 1976 causatur
302 1935 340 1976 ex
360 1915 577 1976 condicionibus
597 1915 859 1987 individuentibus,
884 1920 918 1975 ut
940 1920 1013 1992 puta
1034 1933 1072 1974 ex
1094 1914 1147 1973 illo

136 2040 261 2098 corpore
284 2025 315 2080 et
335 2020 389 2080 ills
414 2020 512 2080 enims
532 2040 600 2080 oum
626 2020 679 2079 illa
701 2020 809 2078 unione
836 2019 999 2097 ypostatioa
1025 2023 1056 2078 et
1081 2019 1148 2078 aliis

137 2143 201 2202 que
223 2127 371 2185 secuntur.
425 2124 553 2202 Exque
576 2123 695 2183 videtur
716 2120 806 2181 miehi
829 2122 907 2199 quod
931 2121 1064 2182 Christus
1089 2142 1148 2181 non

84 2231 124 2286 15
138 2232 240 2306 potest
260 2227 348 2288 aliam
367 2230 503 2287 naturum
523 2245 678 2301 assumere,
694 2226 765 2304 quis
783 2230 856 2286 tuno
875 2230 972 2304 posset
992 2246 1053 2286 esse
1073 2226 1148 2286 alius

139 2332 250 2402 hom03
279 2335 310 2390 et
328 2350 382 2407 per
400 2349 578 2408 consequens
597 2330 655 2390 istu
673 2349 804 2408 persona,
826 2334 862 2390 nt
880 2335 947 2408 post
966 2330 1147 2402 deducetur;

141 2434 223 2512 quod
244 2437 290 2492 est
309 2433 496 2510 impossibile.
537 2434 578 2493 Et
597 2433 807 2510 consequeneie
825 2437 909 2510 patet
928 2453 966 2493 ex
985 2435 1040 2493 hoe
1060 2435 1147 2512 quod,

142 2538 170 2596 si
196 2537 256 2596 alia
287 2535 401 2596 fuerint
432 2536 578 2614 prinoipia
603 2535 829 2609 individusnoia,
854 2542 927 2597 tune
958 2537 1036 2596 foret
1067 2538 1149 2598 aliud

143 2640 330 2700 individuum
353 2638 460 2718 speciei
481 2641 608 2700 humens
630 2644 661 2700 et
683 2660 736 2717 per
760 2660 937 2718 consequens
956 2641 1032 2702 alius
1052 2643 1147 2702 homo.

30 2745 130 2817 [tub]
144 2745 208 2804 lieo
224 2749 270 2804 est
291 2745 369 2804 eolor
391 2746 470 2822 quod
491 2748 606 2822 tempus
627 2749 680 2805 eut
703 2745 784 2804 uliud
805 2745 959 2826 accidens!
976 2746 1149 2823 requisitum

144 2848 313 2909 individuat
352 2848 570 2921 substanciam
596 2848 654 2907 nisi
685 2853 721 2908 ut
753 2850 847 2908 multo
880 2849 1046 2909 eridenoius
1078 2851 1149 2909 unio

144 2952 308 3032 ypostatioa
321 2951 556 3012 indiuidueveret
573 2952 724 3011 dominum
741 2953 842 3011 Iesum
855 2953 1011 3026 Christum,
1023 2959 1059 3013 ut
1077 2955 1151 3014 dicit

145 3057 303 3116 Anselmus
317 3055 349 3115 in
367 3057 411 3116 De
431 3056 638 3116 Inearnaeione
653 3055 696 3116 7⁰.
738 3057 768 3115 N
769 3077 801 3116 eo
821 3058 903 3116 obest
922 3058 1000 3133 quod
1017 3057 1151 3118 Christus
1265 3117 1266 3122 ,

145 3160 185 3220 sit
204 3159 287 3236 prius
307 3159 490 3236 suppositum
510 3163 541 3218 et
564 3158 749 3218 individuum
773 3159 879 3236 speciei
902 3160 1039 3230 humane,
1063 3179 1151 3237 quem

94 3265 132 3320 25
145 3263 254 3322 hebeat
266 3263 426 3340 predictam
439 3261 577 3322 unionem
588 3285 596 3336 3
617 3261 695 3339 quia,
712 3262 789 3322 siout
807 3263 889 3340 prius
907 3264 1049 3323 esthemo
1062 3282 1151 3340 quem

144 3367 202 3427 iste
222 3367 317 3440 homo,
339 3367 381 3426 sie
401 3365 482 3444 prius
502 3372 547 3424 est
569 3365 756 3425 individuum
776 3366 883 3443 speciei
905 3368 1040 3440 humane,
1063 3386 1150 3444 quam
1163 3371 1194 3413 ¹¹·
1220 3369 1304 3412 Μ’
1325 3369 1364 3411 ⁴21¹

1165 3421 1363 3463 marono

145 3471 195 3530 loo
212 3470 406 3544 individuum,
423 3475 454 3530 et
475 3469 558 3546 prius
578 3473 623 3528 est
636 3469 715 3529 ‘ista
734 3469 804 3528 unio
825 3489 914 3548 quem
933 3470 996 3548 ipse
1016 3470 1056 3530 sit
1075 3471 1150 3529 hoo⁵
1163 3483 1215 3563 (ᾗ
1222 3471 1365 3562 emp&

145 3575 341 3635 mensuum.
1163 3571 1365 3663 32:322th

187 3677 230 3738 4‘0
248 3679 437 3738 oonfirmutur
456 3697 495 3738 ex
514 3677 569 3736 hoe
589 3676 667 3754 quod
686 3676 818 3736 accidens
840 3681 937 3754 potest
956 3678 1037 3738 Deus
1056 3676 1192 3763 superes·1²
1210 3672 1365 3774 lefwini}

42 3783 134 3858 [tm]
147 3801 202 3860 per
224 3801 254 3840 se
276 3801 347 3854 esse,
368 3785 404 3841 ut
427 3785 510 3858 putet
532 3781 569 3840 de
593 3779 777 3854 euloaristia3
800 3799 869 3856 ergo
888 3781 1037 3858 peridem
1055 3784 1152 3858 potest
1164 3772 1231 3864 235„
1245 3733 1366 3863 2322}

147 3885 243 3945 taoere
257 3885 451 3945 substanciam
462 3884 612 3944 inherere:
629 3888 745 3943 tantum
758 3884 836 3943 euim
850 3884 940 3944 distat
953 3884 988 3944 de
998 3885 1151 3945 inherente
1164 3871 1365 3964 ffipff'fflss

147 3988 243 4048 iuuere
270 4007 329 4047 non
355 3987 500 4058 inherens,
530 3988 607 4048 sieut
633 3988 669 4048 de
699 3987 926 4048 non-inherente
952 3988 1047 4049 iacere
1073 3989 1152 4067 quod
1164 3979 1253 4064 iffi,
1271 3971 1366 4063 ⁰223*ss

148 4091 288 4152 adhereat
300 4109 422 4168 persone
434 4093 540 4150 nature
553 4089 719 4166 superioris.

195 4354 700 4408 ¹-¹eeontra...Chrlstusom.ABC.
830 4354 1107 4407 *individuumsno
1221 4356 1362 4426 'porum

192 4421 521 4484 ‘sulmonemu
830 4421 1226 4488 ὖ-ῑἰΙΙὶιιιιίοφιιιιιιίΗωΙιοο0.
