3250 5228
174 579 298 632 carr-1
527 583 572 628 nr
595 583 782 629 cursurum
804 583 1059 628 ruonrrncrorn.
1353 559 1395 626 99

219 761 396 820 Conceditur
408 781 476 837 ergo
488 762 565 840 quod
576 761 709 821 Christos
718 765 832 821 creatus
845 764 891 820 ost
902 761 1010 820 nedum
1024 760 1182 820 secundum

174 865 315 938 animam,
331 885 390 942 que
404 872 449 925 ost
462 866 603 939 Christus,
619 867 669 926 sed
682 867 840 925 secuudum
854 886 965 943 corpus.
1006 865 1034 924 N
1036 886 1082 924 am
1097 885 1182 940 gene·
1194 859 1396 962 ffffifflor‘ffiogm'

57 967 160 1036 [ΗΠ]
175 975 262 1029 rstus
274 975 320 1030 cst
332 972 491 1031 secundum
505 991 615 1048 corpus,
632 975 663 1030 et
675 971 730 1029 hoc
748 970 934 1045 generacione
947 972 952 1045 Ι
966 971 1089 1030 univoca
1107 969 1184 1029 sicut

176 1073 304 1133 univoce
317 1079 362 1134 cst
374 1075 471 1133 homo.
513 1073 571 1134 Sed
586 1075 679 1133 omnis
695 1075 754 1133 alia
774 1074 924 1150 generacio
941 1073 1104 1134 substancie
1118 1093 1183 1150 pre·

141 1167 160 1222 ⁵
176 1177 319 1253 supponit
329 1176 591 1237 einscreaeionem:
608 1199 675 1254 ergo
688 1182 718 1238 et
727 1177 836 1237 Christi
846 1178 996 1253 generacio
1006 1177 1183 1255 temporalis.

177 1279 282 1340 Omnis
308 1280 408 1357 itaque
435 1282 602 1358 temporalis
627 1283 776 1355 nativitas,
800 1281 877 1341 sicut
898 1285 929 1341 et
958 1287 1054 1340 motus
1080 1285 1184 1340 nature

175 1391 273 1442 create
295 1384 440 1442 sensibilis
461 1390 513 1444 aut
534 1385 719 1458 insensibilis,
735 1385 926 1462 presnpponit
949 1384 1126 1444 creationem
1148 1389 1183 1442 ut

176 1507 304 1558 canum,
321 1507 387 1546 cum
407 1487 489 1564 prius
512 1489 687 1549 naturaliter
709 1489 748 1548 sit
769 1488 879 1549 ereaoio
902 1487 1075 1564 simpliciter
1096 1507 1184 1565 quam

79 1633 86 1648 .
177 1591 281 1668 aliqua
301 1590 391 1650 mocio
411 1592 563 1651 naturalis.
605 1593 653 1652 Ex
672 1613 730 1670 quo
748 1593 835 1670 plane
849 1594 991 1670 sequitur,
1006 1591 1085 1669 quod
1099 1609 1183 1650 omne

125 1690 163 1744 1⁰
178 1695 353 1755 naturaliter
366 1701 477 1755 motum
490 1696 573 1773 prius
585 1697 760 1756 naturaliter
773 1702 888 1756 creatur
905 1717 993 1774 quam
1011 1695 1185 1760 naturaliter

177 1798 221 1857 sic
234 1805 376 1858 movetur.
419 1800 492 1859 Cum
506 1820 574 1876 ergo
588 1800 721 1860 Christus
733 1799 908 1858 naturaliter
924 1803 1066 1872 movetur,
1083 1802 1113 1858 et
1132 1817 1185 1874 per

178 1922 358 1981 consequens
374 1903 506 1962 accidens
526 1909 657 1964 creatum
675 1903 753 1963 inest
772 1903 828 1962 sibi
846 1903 1030 1976 formaliter3
1051 1902 1185 1980 sequitur

178 2007 258 2084 qnod
271 2007 354 2083 prius
366 2007 541 2067 naturaliter
554 2013 599 2067 est
615 2009 762 2067 ¹ereatus:
785 2006 855 2085 quis
868 2007 972 2066 aliter¹
991 2007 1111 2065 indubie
1124 2025 1183 2066 non

178 2113 256 2170 esset
269 2110 472 2170 denominatus
485 2110 607 2170 univoce
621 2130 688 2169 cum
701 2109 805 2169 ceteris
818 2110 966 2170 creaturis.
1009 2109 1184 2170 Conceditur
1194 2114 1273 2207 {iffi
1282 2113 1398 2206 meri:

127 2213 164 2268 15
179 2233 249 2288 ergo
263 2213 341 2291 quod
361 2213 495 2272 Christus
512 2214 669 2290 productus
685 2217 781 2272 estex
795 2213 912 2284 nichilo,
929 2219 961 2274 st
973 2213 1014 2273 sic
1027 2213 1183 2291 aliquando
1195 2213 1267 2256 umen
1323 2215 1397 2256 ΟΜΝ

178 2338 239 2376 ”⁰¹¹
260 2317 329 2376 fust·
370 2317 502 2376 Primum
521 2323 604 2394 Patet
623 2318 658 2375 de
679 2317 775 2376 anima
794 2321 825 2376 et
843 2318 879 2376 de
900 2337 1035 2395 corporea
1058 2277 1248 2376 εωθηοίαωω
1261 2277 1306 2308 ru
1317 2271 1370 2306 Μ

178 2421 211 2478 in
239 2419 341 2478 mundi
366 2419 532 2496 principio;
573 2424 604 2479 et
630 2421 755 2479 secunda
781 2440 849 2497 pars
881 2424 964 2498 patet
993 2421 1184 2497 intelligendo

180 2523 331 2584 Christum
344 2524 503 2583 secundum
517 2523 599 2583 illam
612 2528 757 2596 naturam,
773 2544 831 2602 quo
846 2528 959 2584 oreatus
972 2530 1026 2584 est.

70 2626 97 2692 [⁰
105 2627 165 2694 8⁷1¹]
222 2627 280 2686 Sed
302 2626 334 2686 in
353 2626 436 2686 istisl
456 2631 569 2704 oportet
589 2648 690 2687 cavere
710 2627 885 2705 diligenter}
900 2633 931 2688 at
950 2630 1105 2688 excludere
1124 2634 1184 2689 tres
1196 2633 1398 2676 aninumr-to·

128 2737 167 2792 20
181 2751 284 2790 sensns
310 2749 443 2790 erroneos
467 2733 582 2810 quando
615 2731 724 2792 dicitur
757 2733 905 2792 Christum
938 2733 1093 2811 aliquando
1125 2685 1398 2826 nonffizwuffirffi

181 2835 284 2894 tuisse.
325 2834 422 2894 Primo
449 2837 576 2895 cavendo
602 2856 640 2895 ne
669 2837 805 2896 eradatur
831 2837 1003 2897 Christum³
1028 2835 1300 2916 aliquandofflti

182 2940 343 2998 amandum
356 2939 496 2999 deitatem
508 2959 567 2999 non
584 2941 683 3012 fnisse,
700 2960 766 3000 cum
786 2941 920 3001 Christus
939 2942 1107 3002 eternaliter
1125 2943 1185 3003 fuit

183 3043 274 3102 Deus.
317 3041 360 3101 2⁰·
375 3062 413 3102 ne
433 3043 567 3103 credatur
582 3043 731 3103 Christum
748 3046 907 3104 secundum
923 3065 984 3104 esse
998 3045 1184 3120 intelligibile
1196 3037 1216 3077 ²·
1229 3037 1400 3085 normas·

1196 3087 1234 3128 tho
1249 3098 1294 3127 em
1315 3086 1399 3126 tutelh-

59 3149 170 3218 [Bith]
182 3147 376 3206 humanitatis
389 3167 423 3206 ae
442 3146 718 3223 predestinacionem
735 3146 792 3206 Dei
809 3145 815 3227 Ι
831 3147 987 3224 aliquando
1006 3167 1065 3207 non
1083 3148 1183 3222 hume,
1196 3136 1398 3239 fflffffli

133 3245 169 3300 25
184 3271 252 3312 cnm
274 3251 443 3310 eternaliter
465 3251 555 3310 habet
578 3271 639 3311 osse
666 3250 853 3326 intelligibile
874 3251 1102 3328 predestinatum
1125 3272 1186 3312 esse

183 3353 281 3414 Filius
293 3355 359 3414 Dei.
410 3355 451 3414 Et
470 3353 501 3413 3ο
513 3375 551 3414 ne
571 3355 705 3415 credatur
724 3354 879 3433 aliqnando
897 3373 957 3412 non
976 3354 1083 3413 habere
1102 3358 1217 3415 osse‘t
1238 3373 1279 3403 ποτ
1299 3365 1323 3402 1⁰
1342 3362 1399 3413 osny

1256 3412 1399 3453 mauronte

185 3459 313 3520 cosencie
331 3459 499 3530 materialis,
515 3461 600 3518 ‘cum
617 3479 710 3518 massa
729 3457 856 3517 essencie
878 3457 1056 3516 materialis‘
1073 3463 1104 3518 et
1123 3479 1185 3518 cor·
1196 3413 1399 3554 ffissgmffl

184 3584 281 3642 poree,
297 3583 354 3642 qus
368 3569 413 3622 est
426 3562 568 3632 Christus,
585 3562 672 3622 sitin
689 3561 791 3622 mundi
806 3559 948 3638 principio
968 3565 999 3620 ot
1018 3581 1076 3620 non
1096 3562 1187 3638 possit

184 3668 318 3727 deficere.
360 3665 497 3725 Exclusis
517 3684 585 3739 ergo
604 3664 670 3723 iotis
688 3664 784 3723 tribus
800 3663 931 3722 sensibus
947 3663 1082 3736 erroneis,
1097 3663 1188 3723 claret

136 3769 173 3824 ³0
187 3772 334 3850 quartos,‘
353 3790 440 3829 verus
465 3788 566 3828 sensus
585 3768 752 3840 catholicus,
776 3767 854 3845 quod
875 3767 1007 3827 Christus
1030 3768 1187 3826 secundum
1198 3787 1293 3879 illuit
1316 3787 1401 3878 Ἢ

187 3877 377 3938 existenciam
400 3875 591 3935 humanitatis
614 3874 770 3952 aliquando
793 3893 851 3932 non
876 3874 946 3933 fuit.
985 3873 1095 3939 'Quod
1121 3893 1187 3933 cum
1198 3889 1401 3980 muncheaham

188 3985 229 4046 sit
250 3984 371 4044 vernm'
391 3989 422 4045 et
445 3983 598 4062 implicans
619 3981 767 4042 Christum
786 3982 942 4060 aliquando
962 4001 1021 4042 non
1039 3982 1139 4055 fuisse,
1154 3987 1402 4087 eossuffffighffi

189 4089 268 4168 quod
281 4089 343 4165 ipse
358 4093 403 4148 ost
415 4089 469 4148 illa
481 4086 657 4158 humanitas,
673 4089 718 4145 est
731 4085 871 4145 catholice
886 4085 1108 4145 concedendum.
1199 4089 1263 4130 aaut„

230 4193 316 4259 Quod
336 4193 360 4251 si
380 4195 495 4251 moveat
514 4209 690 4268 quemquam
709 4189 786 4267 quod
800 4189 932 4248 Christus
951 4192 996 4248 est
1015 4195 1129 4248 oreatus
1141 4188 1190 4248 vel

222 4320 259 4358 ’Δ
276 4323 454 4384 crastuoqoam
467 4315 605 4382 aliterqnla
616 4314 687 4364 ahter
699 4313 726 4365 C.
1008 4313 1178 4365 'illoABC

222 4385 234 4418 ⁸
250 4383 379 4434 secondum
391 4385 421 4433 Δ.
622 4381 633 4415 ⁴
649 4395 700 4429 cors
710 4395 754 4429 om.
768 4377 798 4430 0.
993 4378 1031 4416 Μ
1047 4393 1101 4429 curn
1113 4416 1120 4429 .
1134 4415 1141 4429 .
1155 4415 1162 4428 .
1174 4377 1303 4429 materialis
1314 4397 1357 4429 om.
1372 4379 1402 4432 0.

223 4452 408 4515 ‘quartum
421 4443 511 4498 ABC.
995 4443 1032 4481 ²³
1049 4459 1104 4496 curn
1114 4445 1371 4519 πεπρ-τωο.
