<?xml version="1.0" encoding="UTF-8"?>
<!DOCTYPE html PUBLIC "-//W3C//DTD XHTML 1.0 Transitional//EN"
    "http://www.w3.org/TR/xhtml1/DTD/xhtml1-transitional.dtd">
<html xmlns="http://www.w3.org/1999/xhtml" xml:lang="en" lang="en">
 <head>
  <title>
</title>
<meta http-equiv="Content-Type" content="text/html;charset=utf-8" />
  <meta name='ocr-system' content='tesseract 3.04.00' />
  <meta name='ocr-capabilities' content='ocr_page ocr_carea ocr_par ocr_line ocrx_word'/>
</head>
<body>
  <div class='ocr_page' id='page_1' title='image "./johanniswyclift03wyclgoog_0222.png"; bbox 0 0 3242 5258; ppageno 0'>
   <div class='ocr_carea' id='block_1_1' title="bbox 729 577 1491 634">
    <p class='ocr_par' dir='ltr' id='par_1_1' title="bbox 729 577 1491 634">
     <span class='ocr_line' id='line_1_1' title="bbox 729 577 1491 634; baseline -0.014 -4"><span class='ocrx_word' id='word_1_1' title='bbox 729 583 895 630; x_wconf 70' lang='lat' dir='ltr'><strong>tonsurus</strong></span> <span class='ocrx_word' id='word_1_2' title='bbox 919 581 1044 629; x_wconf 81' lang='lat' dir='ltr'><strong>wrourr</strong></span> <span class='ocrx_word' id='word_1_3' title='bbox 1389 577 1491 634; x_wconf 61' lang='lat' dir='ltr'><strong>[omn</strong></span> 
     </span>
    </p>
   </div>
   <div class='ocr_carea' id='block_1_2' title="bbox 283 757 1520 1676">
    <p class='ocr_par' dir='ltr' id='par_1_2' title="bbox 493 757 1493 837">
     <span class='ocr_line' id='line_1_2' title="bbox 493 757 1493 837; baseline -0.002 -19"><span class='ocrx_word' id='word_1_4' title='bbox 493 759 611 819; x_wconf 87' lang='lat' dir='ltr'><strong>cialium</strong></span> <span class='ocrx_word' id='word_1_5' title='bbox 631 763 663 822; x_wconf 91' lang='lat' dir='ltr'><strong>et</strong></span> <span class='ocrx_word' id='word_1_6' title='bbox 681 760 921 822; x_wconf 82' lang='lat' dir='ltr'><strong>accidentalium:</strong></span> <span class='ocrx_word' id='word_1_7' title='bbox 951 765 982 822; x_wconf 90' lang='lat' dir='ltr'><strong>et</strong></span> <span class='ocrx_word' id='word_1_8' title='bbox 1000 781 1060 821; x_wconf 93' lang='lat' dir='ltr'><strong>non</strong></span> <span class='ocrx_word' id='word_1_9' title='bbox 1080 764 1125 822; x_wconf 91' lang='lat' dir='ltr'><strong>est</strong></span> <span class='ocrx_word' id='word_1_10' title='bbox 1147 759 1354 822; x_wconf 83' lang='lat' dir='ltr'><strong>couveniencia</strong></span> <span class='ocrx_word' id='word_1_11' title='bbox 1375 757 1493 837; x_wconf 86' lang='lat' dir='ltr'><strong>amplior</strong></span> 
     </span>
    </p>

    <p class='ocr_par' dir='ltr' id='par_1_3' title="bbox 492 863 1493 944">
     <span class='ocr_line' id='line_1_3' title="bbox 492 863 1493 944; baseline -0.001 -21"><span class='ocrx_word' id='word_1_12' title='bbox 492 863 550 923; x_wconf 90' lang='lat' dir='ltr'><strong>nisi</strong></span> <span class='ocrx_word' id='word_1_13' title='bbox 570 864 662 925; x_wconf 78' lang='lat' dir='ltr'><strong>tuerit</strong></span> <span class='ocrx_word' id='word_1_14' title='bbox 683 865 862 942; x_wconf 88' lang='lat' dir='ltr'><strong>personalis;</strong></span> <span class='ocrx_word' id='word_1_15' title='bbox 886 865 917 924; x_wconf 93' lang='lat' dir='ltr'><strong>in</strong></span> <span class='ocrx_word' id='word_1_16' title='bbox 938 866 1021 925; x_wconf 89' lang='lat' dir='ltr'><strong>nullo</strong></span> <span class='ocrx_word' id='word_1_17' title='bbox 1042 865 1143 944; x_wconf 86' lang='lat' dir='ltr'><strong>itaque</strong></span> <span class='ocrx_word' id='word_1_18' title='bbox 1167 885 1235 925; x_wconf 87' lang='lat' dir='ltr'><strong>casu</strong></span> <span class='ocrx_word' id='word_1_19' title='bbox 1256 865 1390 924; x_wconf 83' lang='lat' dir='ltr'><strong>Verbum</strong></span> <span class='ocrx_word' id='word_1_20' title='bbox 1418 881 1493 922; x_wconf 83' lang='lat' dir='ltr'><strong>assu·</strong></span> 
     </span>
    </p>

    <p class='ocr_par' dir='ltr' id='par_1_4' title="bbox 493 966 1493 1046">
     <span class='ocr_line' id='line_1_4' title="bbox 493 966 1493 1046; baseline -0.004 -20"><span class='ocrx_word' id='word_1_21' title='bbox 493 972 586 1027; x_wconf 89' lang='lat' dir='ltr'><strong>meret</strong></span> <span class='ocrx_word' id='word_1_22' title='bbox 605 987 839 1046; x_wconf 69' lang='lat' dir='ltr'><strong>personamque</strong></span> <span class='ocrx_word' id='word_1_23' title='bbox 860 973 935 1029; x_wconf 89' lang='lat' dir='ltr'><strong>esset</strong></span> <span class='ocrx_word' id='word_1_24' title='bbox 955 973 1062 1030; x_wconf 83' lang='lat' dir='ltr'><strong>natum</strong></span> <span class='ocrx_word' id='word_1_25' title='bbox 1075 969 1164 1029; x_wconf 86' lang='lat' dir='ltr'>Verbi</span> <span class='ocrx_word' id='word_1_26' title='bbox 1183 989 1268 1046; x_wconf 85' lang='lat' dir='ltr'><strong>pesse</strong></span> <span class='ocrx_word' id='word_1_27' title='bbox 1287 973 1319 1029; x_wconf 90' lang='lat' dir='ltr'><strong>et</strong></span> <span class='ocrx_word' id='word_1_28' title='bbox 1339 966 1493 1046; x_wconf 87' lang='lat' dir='ltr'><strong>quomodo·</strong></span> 
     </span>
    </p>

    <p class='ocr_par' dir='ltr' id='par_1_5' title="bbox 493 1069 1494 1150">
     <span class='ocr_line' id='line_1_5' title="bbox 493 1069 1494 1150; baseline -0.004 -19"><span class='ocrx_word' id='word_1_29' title='bbox 493 1073 567 1132; x_wconf 88' lang='lat' dir='ltr'><strong>libet</strong></span> <span class='ocrx_word' id='word_1_30' title='bbox 579 1072 796 1149; x_wconf 87' lang='lat' dir='ltr'><strong>temporaliter¹</strong></span> <span class='ocrx_word' id='word_1_31' title='bbox 815 1071 958 1147; x_wconf 78' lang='lat' dir='ltr'><strong>formeta3</strong></span> <span class='ocrx_word' id='word_1_32' title='bbox 979 1077 1015 1133; x_wconf 92' lang='lat' dir='ltr'><strong>ut</strong></span> <span class='ocrx_word' id='word_1_33' title='bbox 1032 1077 1116 1150; x_wconf 85' lang='lat' dir='ltr'><strong>petet</strong></span> <span class='ocrx_word' id='word_1_34' title='bbox 1132 1074 1170 1148; x_wconf 80' lang='lat' dir='ltr'><strong>de</strong></span> <span class='ocrx_word' id='word_1_35' title='bbox 1189 1073 1362 1133; x_wconf 84' lang='lat' dir='ltr'><strong>comiteneia</strong></span> <span class='ocrx_word' id='word_1_36' title='bbox 1381 1069 1494 1130; x_wconf 83' lang='lat' dir='ltr'><strong>absolu·</strong></span> 
     </span>
    </p>

    <p class='ocr_par' dir='ltr' id='par_1_6' title="bbox 493 1173 1520 1255">
     <span class='ocr_line' id='line_1_6' title="bbox 493 1173 1520 1255; baseline -0.006 -19"><span class='ocrx_word' id='word_1_37' title='bbox 493 1181 591 1236; x_wconf 91' lang='lat' dir='ltr'><strong>torum</strong></span> <span class='ocrx_word' id='word_1_38' title='bbox 614 1176 929 1252; x_wconf 87' lang='lat' dir='ltr'><strong>conmultiplicatorum</strong></span> <span class='ocrx_word' id='word_1_39' title='bbox 950 1197 1017 1236; x_wconf 90' lang='lat' dir='ltr'><strong>cum</strong></span> <span class='ocrx_word' id='word_1_40' title='bbox 1035 1177 1136 1240; x_wconf 82' lang='lat' dir='ltr'><strong>taliter</strong></span> <span class='ocrx_word' id='word_1_41' title='bbox 1154 1177 1380 1255; x_wconf 86' lang='lat' dir='ltr'><strong>multiplicatis;</strong></span> <span class='ocrx_word' id='word_1_42' title='bbox 1408 1181 1439 1234; x_wconf 89' lang='lat' dir='ltr'><strong>et</strong></span> <span class='ocrx_word' id='word_1_43' title='bbox 1457 1173 1520 1231; x_wconf 71' lang='lat' dir='ltr'><strong>siet</strong></span> 
     </span>
    </p>

    <p class='ocr_par' dir='ltr' id='par_1_7' title="bbox 494 1277 1495 1358">
     <span class='ocr_line' id='line_1_7' title="bbox 494 1277 1495 1358; baseline -0.005 -19"><span class='ocrx_word' id='word_1_44' title='bbox 494 1279 574 1339; x_wconf 76' lang='lat' dir='ltr'><strong>fecte</strong></span> <span class='ocrx_word' id='word_1_45' title='bbox 586 1280 765 1340; x_wconf 79' lang='lat' dir='ltr'><strong>revelacione</strong></span> <span class='ocrx_word' id='word_1_46' title='bbox 778 1280 825 1339; x_wconf 89' lang='lat' dir='ltr'><strong>illi</strong></span> <span class='ocrx_word' id='word_1_47' title='bbox 841 1279 952 1339; x_wconf 90' lang='lat' dir='ltr'><strong>homini</strong></span> <span class='ocrx_word' id='word_1_48' title='bbox 970 1281 1048 1358; x_wconf 88' lang='lat' dir='ltr'><strong>quod</strong></span> <span class='ocrx_word' id='word_1_49' title='bbox 1067 1280 1304 1353; x_wconf 75' lang='lat' dir='ltr'><strong>adnichilabitur,</strong></span> <span class='ocrx_word' id='word_1_50' title='bbox 1320 1285 1406 1357; x_wconf 88' lang='lat' dir='ltr'><strong>petet</strong></span> <span class='ocrx_word' id='word_1_51' title='bbox 1423 1277 1495 1356; x_wconf 91' lang='lat' dir='ltr'><strong>quod</strong></span> 
     </span>
    </p>

    <p class='ocr_par' dir='ltr' id='par_1_8' title="bbox 495 1381 1496 1458">
     <span class='ocr_line' id='line_1_8' title="bbox 495 1381 1496 1458; baseline -0.002 -16"><span class='ocrx_word' id='word_1_52' title='bbox 495 1384 576 1443; x_wconf 89' lang='lat' dir='ltr'><strong>dolor</strong></span> <span class='ocrx_word' id='word_1_53' title='bbox 601 1383 777 1444; x_wconf 76' lang='lat' dir='ltr'><strong>redundaret</strong></span> <span class='ocrx_word' id='word_1_54' title='bbox 803 1383 835 1443; x_wconf 92' lang='lat' dir='ltr'><strong>in</strong></span> <span class='ocrx_word' id='word_1_55' title='bbox 862 1383 1018 1458; x_wconf 85' lang='lat' dir='ltr'><strong>Christum,</strong></span> <span class='ocrx_word' id='word_1_56' title='bbox 1046 1384 1124 1443; x_wconf 93' lang='lat' dir='ltr'><strong>nulli</strong></span> <span class='ocrx_word' id='word_1_57' title='bbox 1149 1390 1248 1444; x_wconf 87' lang='lat' dir='ltr'><strong>autem</strong></span> <span class='ocrx_word' id='word_1_58' title='bbox 1274 1383 1361 1444; x_wconf 84' lang='lat' dir='ltr'><strong>alteri</strong></span> <span class='ocrx_word' id='word_1_59' title='bbox 1388 1381 1496 1442; x_wconf 87' lang='lat' dir='ltr'><strong>bomini</strong></span> 
     </span>
    </p>

    <p class='ocr_par' dir='ltr' id='par_1_9' title="bbox 283 1409 1590 1676">
     <span class='ocr_line' id='line_1_9' title="bbox 495 1487 767 1564; baseline -0.004 -18"><span class='ocrx_word' id='word_1_60' title='bbox 495 1492 591 1564; x_wconf 86' lang='lat' dir='ltr'><strong>posset</strong></span> <span class='ocrx_word' id='word_1_61' title='bbox 604 1487 644 1546; x_wconf 91' lang='lat' dir='ltr'><strong>sic</strong></span> <span class='ocrx_word' id='word_1_62' title='bbox 658 1487 742 1546; x_wconf 85' lang='lat' dir='ltr'><strong>allici.</strong></span> <span class='ocrx_word' id='word_1_63' title='bbox 763 1524 767 1534; x_wconf 88' lang='lat'>·</span> 
     </span>
     <span class='ocr_line' id='line_1_10' title="bbox 283 1573 1495 1676; baseline -0.012 -11"><span class='ocrx_word' id='word_1_64' title='bbox 283 1573 484 1676; x_wconf 57' lang='lat' dir='ltr'><strong>liblffllfilt</strong></span> <span class='ocrx_word' id='word_1_65' title='bbox 536 1591 600 1658; x_wconf 83' lang='lat' dir='ltr'><strong>Quo</strong></span> <span class='ocrx_word' id='word_1_66' title='bbox 621 1592 698 1664; x_wconf 83' lang='lat' dir='ltr'><strong>dato,</strong></span> <span class='ocrx_word' id='word_1_67' title='bbox 725 1591 841 1651; x_wconf 79' lang='lat' dir='ltr'><strong>videtur</strong></span> <span class='ocrx_word' id='word_1_68' title='bbox 861 1592 1066 1670; x_wconf 86' lang='lat' dir='ltr'><strong>multipliciter</strong></span> <span class='ocrx_word' id='word_1_69' title='bbox 1091 1593 1170 1671; x_wconf 89' lang='lat' dir='ltr'><strong>quod</strong></span> <span class='ocrx_word' id='word_1_70' title='bbox 1194 1592 1361 1652; x_wconf 84' lang='lat' dir='ltr'><strong>humanitas</strong></span> <span class='ocrx_word' id='word_1_71' title='bbox 1390 1588 1495 1651; x_wconf 86' lang='lat' dir='ltr'><strong>Christi</strong></span> 
     </span>
    </p>
   </div>
   <div class='ocr_carea' id='block_1_3' title="bbox 284 1676 1535 1776">
    <p class='ocr_par' dir='ltr' id='par_1_10' title="bbox 284 1676 1535 1776">
     <span class='ocr_line' id='line_1_11' title="bbox 284 1676 1535 1776; baseline -0.005 -19"><span class='ocrx_word' id='word_1_72' title='bbox 284 1676 484 1776; x_wconf 53' lang='lat' dir='ltr'><strong>{iffifflffl</strong></span> <span class='ocrx_word' id='word_1_73' title='bbox 496 1694 535 1756; x_wconf 88' lang='lat' dir='ltr'><strong>sit</strong></span> <span class='ocrx_word' id='word_1_74' title='bbox 546 1696 641 1767; x_wconf 89' lang='lat' dir='ltr'><strong>homo,</strong></span> <span class='ocrx_word' id='word_1_75' title='bbox 660 1695 744 1754; x_wconf 87' lang='lat' dir='ltr'><strong>etsie</strong></span> <span class='ocrx_word' id='word_1_76' title='bbox 763 1714 885 1771; x_wconf 87' lang='lat' dir='ltr'><strong>persona</strong></span> <span class='ocrx_word' id='word_1_77' title='bbox 897 1697 997 1757; x_wconf 87' lang='lat' dir='ltr'><strong>Verbi.</strong></span> <span class='ocrx_word' id='word_1_78' title='bbox 1038 1698 1114 1756; x_wconf 84' lang='lat' dir='ltr'><strong>Nam</strong></span> <span class='ocrx_word' id='word_1_79' title='bbox 1133 1697 1227 1756; x_wconf 80' lang='lat' dir='ltr'><strong>nichil</strong></span> <span class='ocrx_word' id='word_1_80' title='bbox 1246 1701 1291 1756; x_wconf 89' lang='lat' dir='ltr'><strong>est</strong></span> <span class='ocrx_word' id='word_1_81' title='bbox 1308 1696 1423 1754; x_wconf 88' lang='lat' dir='ltr'><strong>risibile</strong></span> <span class='ocrx_word' id='word_1_82' title='bbox 1442 1693 1494 1752; x_wconf 87' lang='lat' dir='ltr'><strong>nisi</strong></span> <span class='ocrx_word' id='word_1_83' title='bbox 1508 1697 1535 1753; x_wconf 79' lang='lat' dir='ltr'><strong>lt</strong></span> 
     </span>
    </p>
   </div>
   <div class='ocr_carea' id='block_1_4' title="bbox 284 1775 1494 1875">
    <p class='ocr_par' dir='ltr' id='par_1_11' title="bbox 284 1775 1494 1875">
     <span class='ocr_line' id='line_1_12' title="bbox 284 1775 1494 1875; baseline -0.003 -16"><span class='ocrx_word' id='word_1_84' title='bbox 284 1775 484 1870; x_wconf 50' lang='lat' dir='ltr'><strong>iifllffiffi&#39;*</strong></span> <span class='ocrx_word' id='word_1_85' title='bbox 495 1799 600 1872; x_wconf 89' lang='lat' dir='ltr'><strong>homo;</strong></span> <span class='ocrx_word' id='word_1_86' title='bbox 628 1799 795 1858; x_wconf 80' lang='lat' dir='ltr'><strong>humanitss</strong></span> <span class='ocrx_word' id='word_1_87' title='bbox 815 1799 924 1859; x_wconf 77' lang='lat' dir='ltr'><strong>Christi</strong></span> <span class='ocrx_word' id='word_1_88' title='bbox 948 1804 993 1860; x_wconf 87' lang='lat' dir='ltr'><strong>est</strong></span> <span class='ocrx_word' id='word_1_89' title='bbox 1019 1800 1147 1873; x_wconf 82' lang='lat' dir='ltr'><strong>risibilia,</strong></span> <span class='ocrx_word' id='word_1_90' title='bbox 1171 1819 1238 1860; x_wconf 88' lang='lat' dir='ltr'><strong>oum</strong></span> <span class='ocrx_word' id='word_1_91' title='bbox 1258 1799 1384 1859; x_wconf 81' lang='lat' dir='ltr'><strong>sufficiat</strong></span> <span class='ocrx_word' id='word_1_92' title='bbox 1403 1797 1494 1875; x_wconf 88' lang='lat' dir='ltr'><strong>predi·</strong></span> 
     </span>
    </p>
   </div>
   <div class='ocr_carea' id='block_1_5' title="bbox 280 1885 1584 2420">
    <p class='ocr_par' dir='ltr' id='par_1_12' title="bbox 496 1885 1584 1982">
     <span class='ocr_line' id='line_1_13' title="bbox 496 1885 1584 1982; baseline -0.002 -22"><span class='ocrx_word' id='word_1_93' title='bbox 496 1921 578 1960; x_wconf 85' lang='lat' dir='ltr'><strong>carc:</strong></span> <span class='ocrx_word' id='word_1_94' title='bbox 601 1920 669 1976; x_wconf 86' lang='lat' dir='ltr'><strong>ergo</strong></span> <span class='ocrx_word' id='word_1_95' title='bbox 689 1905 733 1961; x_wconf 87' lang='lat' dir='ltr'><strong>est</strong></span> <span class='ocrx_word' id='word_1_96' title='bbox 751 1903 847 1962; x_wconf 88' lang='lat' dir='ltr'><strong>homo.</strong></span> <span class='ocrx_word' id='word_1_97' title='bbox 889 1903 984 1962; x_wconf 83' lang='lat' dir='ltr'><strong>Moior</strong></span> <span class='ocrx_word' id='word_1_98' title='bbox 997 1906 1002 1976; x_wconf 95' lang='grc'>1</span> <span class='ocrx_word' id='word_1_99' title='bbox 1016 1907 1099 1981; x_wconf 87' lang='lat' dir='ltr'><strong>patet</strong></span> <span class='ocrx_word' id='word_1_100' title='bbox 1118 1925 1158 1964; x_wconf 85' lang='lat' dir='ltr'><strong>ex</strong></span> <span class='ocrx_word' id='word_1_101' title='bbox 1176 1905 1232 1964; x_wconf 92' lang='lat' dir='ltr'><strong>boo</strong></span> <span class='ocrx_word' id='word_1_102' title='bbox 1250 1904 1328 1982; x_wconf 88' lang='lat' dir='ltr'><strong>quod</strong></span> <span class='ocrx_word' id='word_1_103' title='bbox 1346 1903 1493 1962; x_wconf 68' lang='lat' dir='ltr'><strong>risibilitas</strong></span> <span class='ocrx_word' id='word_1_104' title='bbox 1504 1885 1584 1957; x_wconf 53' lang='lat' dir='ltr'><strong>[ml</strong></span> 
     </span>
    </p>

    <p class='ocr_par' dir='ltr' id='par_1_13' title="bbox 496 2005 1493 2084">
     <span class='ocr_line' id='line_1_14' title="bbox 496 2005 1493 2084; baseline -0.002 -20"><span class='ocrx_word' id='word_1_105' title='bbox 496 2009 541 2064; x_wconf 87' lang='lat' dir='ltr'><strong>est</strong></span> <span class='ocrx_word' id='word_1_106' title='bbox 553 2005 669 2082; x_wconf 88' lang='lat' dir='ltr'><strong>proprie</strong></span> <span class='ocrx_word' id='word_1_107' title='bbox 681 2006 775 2082; x_wconf 84' lang='lat' dir='ltr'><strong>passio</strong></span> <span class='ocrx_word' id='word_1_108' title='bbox 788 2006 915 2066; x_wconf 90' lang='lat' dir='ltr'><strong>hominis</strong></span> <span class='ocrx_word' id='word_1_109' title='bbox 928 2007 1125 2068; x_wconf 87' lang='lat' dir='ltr'><strong>convertibilis</strong></span> <span class='ocrx_word' id='word_1_110' title='bbox 1139 2027 1205 2067; x_wconf 89' lang='lat' dir='ltr'><strong>cum</strong></span> <span class='ocrx_word' id='word_1_111' title='bbox 1219 2007 1323 2084; x_wconf 87' lang='lat' dir='ltr'><strong>speeie.</strong></span> <span class='ocrx_word' id='word_1_112' title='bbox 1365 2007 1407 2067; x_wconf 87' lang='lat' dir='ltr'><strong>Et</strong></span> <span class='ocrx_word' id='word_1_113' title='bbox 1419 2005 1493 2064; x_wconf 89' lang='lat' dir='ltr'><strong>iden</strong></span> 
     </span>
    </p>

    <p class='ocr_par' dir='ltr' id='par_1_14' title="bbox 494 2108 1490 2188">
     <span class='ocr_line' id='line_1_15' title="bbox 494 2108 1490 2188; baseline -0.002 -20"><span class='ocrx_word' id='word_1_114' title='bbox 494 2111 539 2168; x_wconf 90' lang='lat' dir='ltr'><strong>est</strong></span> <span class='ocrx_word' id='word_1_115' title='bbox 552 2108 692 2169; x_wconf 89' lang='lat' dir='ltr'><strong>iudicium</strong></span> <span class='ocrx_word' id='word_1_116' title='bbox 706 2111 741 2168; x_wconf 91' lang='lat' dir='ltr'><strong>de</strong></span> <span class='ocrx_word' id='word_1_117' title='bbox 754 2110 885 2186; x_wconf 87' lang='lat' dir='ltr'><strong>passione</strong></span> <span class='ocrx_word' id='word_1_118' title='bbox 902 2111 1088 2170; x_wconf 84' lang='lat' dir='ltr'><strong>mortalitatis</strong></span> <span class='ocrx_word' id='word_1_119' title='bbox 1106 2115 1190 2188; x_wconf 86' lang='lat' dir='ltr'><strong>capta</strong></span> <span class='ocrx_word' id='word_1_120' title='bbox 1203 2130 1221 2169; x_wconf 88' lang='lat' dir='ltr'><strong>e</strong></span> <span class='ocrx_word' id='word_1_121' title='bbox 1234 2130 1320 2170; x_wconf 83' lang='lat' dir='ltr'><strong>oeusa</strong></span> <span class='ocrx_word' id='word_1_122' title='bbox 1339 2108 1490 2178; x_wconf 84' lang='lat' dir='ltr'><strong>materiali,</strong></span> 
     </span>
    </p>

    <p class='ocr_par' dir='ltr' id='par_1_15' title="bbox 280 2208 1532 2420">
     <span class='ocr_line' id='line_1_16' title="bbox 494 2208 1532 2292; baseline -0.003 -20"><span class='ocrx_word' id='word_1_123' title='bbox 494 2214 530 2272; x_wconf 91' lang='lat' dir='ltr'><strong>do</strong></span> <span class='ocrx_word' id='word_1_124' title='bbox 553 2213 779 2290; x_wconf 82' lang='lat' dir='ltr'><strong>productivitate</strong></span> <span class='ocrx_word' id='word_1_125' title='bbox 803 2215 849 2273; x_wconf 91' lang='lat' dir='ltr'><strong>sui</strong></span> <span class='ocrx_word' id='word_1_126' title='bbox 872 2215 976 2274; x_wconf 88' lang='lat' dir='ltr'><strong>similis</strong></span> <span class='ocrx_word' id='word_1_127' title='bbox 1002 2215 1033 2274; x_wconf 94' lang='lat' dir='ltr'><strong>in</strong></span> <span class='ocrx_word' id='word_1_128' title='bbox 1060 2217 1164 2292; x_wconf 88' lang='lat' dir='ltr'><strong>speeie,</strong></span> <span class='ocrx_word' id='word_1_129' title='bbox 1189 2235 1246 2292; x_wconf 90' lang='lat' dir='ltr'><strong>que</strong></span> <span class='ocrx_word' id='word_1_130' title='bbox 1272 2215 1415 2290; x_wconf 85' lang='lat' dir='ltr'><strong>competit</strong></span> <span class='ocrx_word' id='word_1_131' title='bbox 1441 2211 1492 2271; x_wconf 90' lang='lat' dir='ltr'><strong>sibi</strong></span> <span class='ocrx_word' id='word_1_132' title='bbox 1504 2208 1532 2260; x_wconf 81' lang='lat'><strong>15</strong></span> 
     </span>
     <span class='ocr_line' id='line_1_17' title="bbox 280 2317 1490 2420; baseline 0.005 -51"><span class='ocrx_word' id='word_1_133' title='bbox 280 2327 482 2420; x_wconf 53' lang='lat' dir='ltr'><strong>ssuchsoeidffi:</strong></span> <span class='ocrx_word' id='word_1_134' title='bbox 493 2317 694 2392; x_wconf 85' lang='lat' dir='ltr'><strong>passionaliter</strong></span> <span class='ocrx_word' id='word_1_135' title='bbox 706 2338 724 2376; x_wconf 84' lang='lat' dir='ltr'><strong>e</strong></span> <span class='ocrx_word' id='word_1_136' title='bbox 738 2338 824 2377; x_wconf 85' lang='lat' dir='ltr'><strong>causa</strong></span> <span class='ocrx_word' id='word_1_137' title='bbox 839 2318 990 2392; x_wconf 88' lang='lat' dir='ltr'><strong>efficiente,</strong></span> <span class='ocrx_word' id='word_1_138' title='bbox 1006 2319 1085 2378; x_wconf 90' lang='lat' dir='ltr'><strong>etde</strong></span> <span class='ocrx_word' id='word_1_139' title='bbox 1105 2318 1374 2378; x_wconf 77' lang='lat' dir='ltr'><strong>beatificabilitete‘</strong></span> <span class='ocrx_word' id='word_1_140' title='bbox 1394 2335 1490 2378; x_wconf 74' lang='lat' dir='ltr'><strong>secun</strong></span> 
     </span>
    </p>
   </div>
   <div class='ocr_carea' id='block_1_6' title="bbox 294 2381 437 2431">
    <p class='ocr_par' dir='ltr' id='par_1_16' title="bbox 294 2381 437 2431">
     <span class='ocr_line' id='line_1_18' title="bbox 294 2381 437 2431; baseline 0 -11"><span class='ocrx_word' id='word_1_141' title='bbox 294 2391 321 2420; x_wconf 83' lang='lat' dir='ltr'><strong>en</strong></span> <span class='ocrx_word' id='word_1_142' title='bbox 379 2381 437 2431; x_wconf 83' lang='lat' dir='ltr'><strong>lye</strong></span> 
     </span>
    </p>
   </div>
   <div class='ocr_carea' id='block_1_7' title="bbox 280 2391 1492 2571">
    <p class='ocr_par' dir='ltr' id='par_1_17' title="bbox 280 2391 1492 2571">
     <span class='ocr_line' id='line_1_19' title="bbox 280 2391 1492 2571; baseline -0.002 -91"><span class='ocrx_word' id='word_1_143' title='bbox 280 2391 482 2571; x_wconf 48' lang='grc' dir='ltr'><strong>Ξῖὶῗεῇὶψῑιξεοῐῖ</strong></span> <span class='ocrx_word' id='word_1_144' title='bbox 494 2421 564 2478; x_wconf 89' lang='lat' dir='ltr'><strong>dum</strong></span> <span class='ocrx_word' id='word_1_145' title='bbox 584 2441 689 2498; x_wconf 89' lang='lat' dir='ltr'><strong>corpus</strong></span> <span class='ocrx_word' id='word_1_146' title='bbox 709 2427 740 2481; x_wconf 89' lang='lat' dir='ltr'><strong>et</strong></span> <span class='ocrx_word' id='word_1_147' title='bbox 761 2422 887 2481; x_wconf 88' lang='lat' dir='ltr'><strong>animam</strong></span> <span class='ocrx_word' id='word_1_148' title='bbox 911 2442 968 2499; x_wconf 85' lang='lat' dir='ltr'><strong>qus</strong></span> <span class='ocrx_word' id='word_1_149' title='bbox 988 2422 1128 2498; x_wconf 89' lang='lat' dir='ltr'><strong>competit</strong></span> <span class='ocrx_word' id='word_1_150' title='bbox 1150 2423 1206 2482; x_wconf 90' lang='lat' dir='ltr'><strong>sibi</strong></span> <span class='ocrx_word' id='word_1_151' title='bbox 1228 2424 1265 2481; x_wconf 76' lang='lat' dir='ltr'><strong>’a</strong></span> <span class='ocrx_word' id='word_1_152' title='bbox 1283 2441 1369 2480; x_wconf 84' lang='lat' dir='ltr'><strong>cansa</strong></span> <span class='ocrx_word' id='word_1_153' title='bbox 1392 2419 1492 2480; x_wconf 67' lang='lat' dir='ltr'><strong>finali.⁸</strong></span> 
     </span>
     <span class='ocr_line' id='line_1_20' title="bbox 399 2509 405 2530; baseline 0 0"><span class='ocrx_word' id='word_1_154' title='bbox 399 2509 405 2530; x_wconf 84' lang='lat'><strong>.</strong></span> 
     </span>
    </p>
   </div>
   <div class='ocr_carea' id='block_1_8' title="bbox 279 2523 1491 2632">
    <p class='ocr_par' dir='ltr' id='par_1_18' title="bbox 279 2523 1491 2632">
     <span class='ocr_line' id='line_1_21' title="bbox 279 2523 1491 2632; baseline -0.008 -42"><span class='ocrx_word' id='word_1_155' title='bbox 279 2530 482 2632; x_wconf 48' lang='lat' dir='ltr'><strong>gmffistffirffi:</strong></span> <span class='ocrx_word' id='word_1_156' title='bbox 494 2523 567 2583; x_wconf 88' lang='lat' dir='ltr'><strong>Cum</strong></span> <span class='ocrx_word' id='word_1_157' title='bbox 587 2543 654 2599; x_wconf 85' lang='lat' dir='ltr'><strong>ergo</strong></span> <span class='ocrx_word' id='word_1_158' title='bbox 674 2525 886 2601; x_wconf 84' lang='lat' dir='ltr'><strong>predicaciones</strong></span> <span class='ocrx_word' id='word_1_159' title='bbox 904 2525 1071 2584; x_wconf 90' lang='lat' dir='ltr'><strong>huiusmodi</strong></span> <span class='ocrx_word' id='word_1_160' title='bbox 1090 2527 1184 2585; x_wconf 89' lang='lat' dir='ltr'><strong>solum</strong></span> <span class='ocrx_word' id='word_1_161' title='bbox 1198 2530 1320 2602; x_wconf 86' lang='lat' dir='ltr'><strong>possunt</strong></span> <span class='ocrx_word' id='word_1_162' title='bbox 1332 2525 1491 2585; x_wconf 75' lang='lat' dir='ltr'><strong>formaliter</strong></span> 
     </span>
    </p>
   </div>
   <div class='ocr_carea' id='block_1_9' title="bbox 280 2627 1488 2722">
    <p class='ocr_par' dir='ltr' id='par_1_19' title="bbox 280 2627 1488 2722">
     <span class='ocr_line' id='line_1_22' title="bbox 280 2627 1488 2722; baseline 0.012 -42"><span class='ocrx_word' id='word_1_163' title='bbox 280 2631 353 2672; x_wconf 72' lang='lat' dir='ltr'><strong>which</strong></span> <span class='ocrx_word' id='word_1_164' title='bbox 379 2631 483 2722; x_wconf 53' lang='grc' dir='ltr'><strong>ΗΜΘΝ</strong></span> <span class='ocrx_word' id='word_1_165' title='bbox 493 2627 587 2686; x_wconf 86' lang='lat' dir='ltr'><strong>inesse</strong></span> <span class='ocrx_word' id='word_1_166' title='bbox 609 2629 774 2705; x_wconf 87' lang='lat' dir='ltr'><strong>suppositis,</strong></span> <span class='ocrx_word' id='word_1_167' title='bbox 799 2630 925 2701; x_wconf 82' lang='lat' dir='ltr'><strong>videtur,</strong></span> <span class='ocrx_word' id='word_1_168' title='bbox 953 2649 1020 2688; x_wconf 88' lang='lat' dir='ltr'><strong>cum</strong></span> <span class='ocrx_word' id='word_1_169' title='bbox 1045 2629 1224 2691; x_wconf 85' lang='lat' dir='ltr'><strong>humanitati</strong></span> <span class='ocrx_word' id='word_1_170' title='bbox 1247 2629 1356 2689; x_wconf 80' lang='lat' dir='ltr'><strong>Christi</strong></span> <span class='ocrx_word' id='word_1_171' title='bbox 1382 2629 1488 2695; x_wconf 62' lang='lat' dir='ltr'><strong>mount</strong></span> 
     </span>
    </p>
   </div>
   <div class='ocr_carea' id='block_1_10' title="bbox 281 2681 483 2731">
    <p class='ocr_par' dir='ltr' id='par_1_20' title="bbox 281 2681 483 2731">
     <span class='ocr_line' id='line_1_23' title="bbox 281 2681 483 2731; baseline -0.01 -8"><span class='ocrx_word' id='word_1_172' title='bbox 281 2685 319 2723; x_wconf 83' lang='lat' dir='ltr'><strong>tha</strong></span> <span class='ocrx_word' id='word_1_173' title='bbox 334 2687 446 2731; x_wconf 74' lang='lat' dir='ltr'><strong>supposita</strong></span> <span class='ocrx_word' id='word_1_174' title='bbox 474 2681 483 2721; x_wconf 84' lang='lat' dir='ltr'><strong>l</strong></span> 
     </span>
    </p>
   </div>
   <div class='ocr_carea' id='block_1_11' title="bbox 280 2729 1530 2826">
    <p class='ocr_par' dir='ltr' id='par_1_21' title="bbox 280 2729 1530 2826">
     <span class='ocr_line' id='line_1_24' title="bbox 280 2729 1530 2826; baseline -0.012 -30"><span class='ocrx_word' id='word_1_175' title='bbox 280 2732 481 2826; x_wconf 45' lang='lat' dir='ltr'><strong>ffiffiffim·</strong></span> <span class='ocrx_word' id='word_1_176' title='bbox 493 2731 571 2808; x_wconf 90' lang='lat' dir='ltr'><strong>quod</strong></span> <span class='ocrx_word' id='word_1_177' title='bbox 583 2731 646 2809; x_wconf 89' lang='lat' dir='ltr'><strong>ipsa</strong></span> <span class='ocrx_word' id='word_1_178' title='bbox 666 2732 705 2792; x_wconf 87' lang='lat' dir='ltr'><strong>sit</strong></span> <span class='ocrx_word' id='word_1_179' title='bbox 724 2734 906 2809; x_wconf 88' lang='lat' dir='ltr'><strong>suppositum</strong></span> <span class='ocrx_word' id='word_1_180' title='bbox 919 2733 1018 2794; x_wconf 87' lang='lat' dir='ltr'><strong>Verbi.</strong></span> <span class='ocrx_word' id='word_1_181' title='bbox 1061 2733 1193 2793; x_wconf 81' lang='lat' dir='ltr'><strong>Secundo</strong></span> <span class='ocrx_word' id='word_1_182' title='bbox 1212 2734 1401 2793; x_wconf 83' lang='lat' dir='ltr'><strong>confirmatur</strong></span> <span class='ocrx_word' id='word_1_183' title='bbox 1419 2729 1530 2792; x_wconf 69' lang='lat' dir='ltr'><strong>idenlt</strong></span> 
     </span>
    </p>
   </div>
   <div class='ocr_carea' id='block_1_12' title="bbox 281 2833 1590 2934">
    <p class='ocr_par' dir='ltr' id='par_1_22' title="bbox 281 2833 1590 2934">
     <span class='ocr_line' id='line_1_25' title="bbox 281 2833 1590 2934; baseline -0.007 -36"><span class='ocrx_word' id='word_1_184' title='bbox 281 2833 481 2934; x_wconf 54' lang='lat' dir='ltr'><strong>{Vfssffimm</strong></span> <span class='ocrx_word' id='word_1_185' title='bbox 494 2853 532 2892; x_wconf 85' lang='lat' dir='ltr'><strong>ex</strong></span> <span class='ocrx_word' id='word_1_186' title='bbox 552 2835 607 2894; x_wconf 90' lang='lat' dir='ltr'><strong>hoc</strong></span> <span class='ocrx_word' id='word_1_187' title='bbox 630 2836 709 2912; x_wconf 91' lang='lat' dir='ltr'><strong>qnod</strong></span> <span class='ocrx_word' id='word_1_188' title='bbox 729 2836 822 2894; x_wconf 90' lang='lat' dir='ltr'><strong>omnis</strong></span> <span class='ocrx_word' id='word_1_189' title='bbox 844 2837 955 2895; x_wconf 82' lang='lat' dir='ltr'><strong>lorma⁴</strong></span> <span class='ocrx_word' id='word_1_190' title='bbox 976 2836 1163 2896; x_wconf 84' lang='lat' dir='ltr'><strong>accidentalis</strong></span> <span class='ocrx_word' id='word_1_191' title='bbox 1181 2856 1240 2895; x_wconf 92' lang='lat' dir='ltr'><strong>non</strong></span> <span class='ocrx_word' id='word_1_192' title='bbox 1258 2841 1302 2896; x_wconf 89' lang='lat' dir='ltr'><strong>est</strong></span> <span class='ocrx_word' id='word_1_193' title='bbox 1319 2837 1421 2895; x_wconf 82' lang='lat' dir='ltr'><strong>aliud⁵</strong></span> <span class='ocrx_word' id='word_1_194' title='bbox 1438 2833 1490 2894; x_wconf 89' lang='lat' dir='ltr'><strong>uisi</strong></span> <span class='ocrx_word' id='word_1_195' title='bbox 1589 2842 1590 2875; x_wconf 64' lang='lat' dir='ltr'><strong>l</strong></span> 
     </span>
    </p>
   </div>
   <div class='ocr_carea' id='block_1_13' title="bbox 276 2931 1488 3036">
    <p class='ocr_par' dir='ltr' id='par_1_23' title="bbox 276 2931 1488 3036">
     <span class='ocr_line' id='line_1_26' title="bbox 276 2931 1488 3036; baseline -0.004 -35"><span class='ocrx_word' id='word_1_196' title='bbox 276 2931 482 3036; x_wconf 52' lang='lat' dir='ltr'><strong>ijfflffl}</strong></span> <span class='ocrx_word' id='word_1_197' title='bbox 494 2937 656 2998; x_wconf 88' lang='lat' dir='ltr'><strong>subiectum</strong></span> <span class='ocrx_word' id='word_1_198' title='bbox 682 2940 901 2999; x_wconf 83' lang='lat' dir='ltr'><strong>accidentaliter</strong></span> <span class='ocrx_word' id='word_1_199' title='bbox 922 2959 952 3000; x_wconf 91' lang='lat' dir='ltr'><strong>sc</strong></span> <span class='ocrx_word' id='word_1_200' title='bbox 973 2941 1098 3015; x_wconf 79' lang='lat' dir='ltr'><strong>bobere3</strong></span> <span class='ocrx_word' id='word_1_201' title='bbox 1119 2945 1155 3000; x_wconf 93' lang='lat' dir='ltr'><strong>ut</strong></span> <span class='ocrx_word' id='word_1_202' title='bbox 1179 2940 1270 3000; x_wconf 89' lang='lat' dir='ltr'><strong>mocio</strong></span> <span class='ocrx_word' id='word_1_203' title='bbox 1297 2945 1342 3000; x_wconf 92' lang='lat' dir='ltr'><strong>est</strong></span> <span class='ocrx_word' id='word_1_204' title='bbox 1368 2939 1488 2999; x_wconf 81' lang='lat' dir='ltr'><strong>mobile‘</strong></span> 
     </span>
    </p>
   </div>
   <div class='ocr_carea' id='block_1_14' title="bbox 283 2998 1590 3125">
    <p class='ocr_par' dir='ltr' id='par_1_24' title="bbox 283 2998 1590 3125">
     <span class='ocr_line' id='line_1_27' title="bbox 283 2998 1590 3125; baseline -0.004 -23"><span class='ocrx_word' id='word_1_205' title='bbox 283 3033 481 3125; x_wconf 52' lang='lat' dir='ltr'><strong>ssfflffll&#39;wfffj</strong></span> <span class='ocrx_word' id='word_1_206' title='bbox 493 3041 613 3115; x_wconf 85' lang='lat' dir='ltr'><strong>moveri,</strong></span> <span class='ocrx_word' id='word_1_207' title='bbox 638 3042 750 3102; x_wconf 87' lang='lat' dir='ltr'><strong>locucio</strong></span> <span class='ocrx_word' id='word_1_208' title='bbox 771 3047 816 3103; x_wconf 91' lang='lat' dir='ltr'><strong>est</strong></span> <span class='ocrx_word' id='word_1_209' title='bbox 842 3043 938 3120; x_wconf 89' lang='lat' dir='ltr'><strong>ipsum</strong></span> <span class='ocrx_word' id='word_1_210' title='bbox 959 3044 1050 3122; x_wconf 88' lang='lat' dir='ltr'><strong>loqui,</strong></span> <span class='ocrx_word' id='word_1_211' title='bbox 1075 3049 1105 3104; x_wconf 91' lang='lat' dir='ltr'><strong>et</strong></span> <span class='ocrx_word' id='word_1_212' title='bbox 1127 3045 1170 3104; x_wconf 87' lang='lat' dir='ltr'><strong>ito</strong></span> <span class='ocrx_word' id='word_1_213' title='bbox 1190 3045 1226 3103; x_wconf 89' lang='lat' dir='ltr'><strong>de</strong></span> <span class='ocrx_word' id='word_1_214' title='bbox 1250 3043 1362 3115; x_wconf 87' lang='lat' dir='ltr'><strong>ceteris,</strong></span> <span class='ocrx_word' id='word_1_215' title='bbox 1389 3048 1425 3103; x_wconf 90' lang='lat' dir='ltr'><strong>ut</strong></span> <span class='ocrx_word' id='word_1_216' title='bbox 1445 3042 1489 3101; x_wconf 89' lang='lat' dir='ltr'><strong>hio</strong></span> <span class='ocrx_word' id='word_1_217' title='bbox 1589 2998 1590 3087; x_wconf 71' lang='lat' dir='ltr'><strong>i</strong></span> 
     </span>
    </p>
   </div>
   <div class='ocr_carea' id='block_1_15' title="bbox 280 3095 1489 3235">
    <p class='ocr_par' dir='ltr' id='par_1_25' title="bbox 280 3095 1590 3296">
     <span class='ocr_line' id='line_1_28' title="bbox 391 3095 454 3124; baseline -0.063 0"><span class='ocrx_word' id='word_1_218' title='bbox 391 3095 416 3124; x_wconf 71' lang='grc'><strong>10</strong></span> <span class='ocrx_word' id='word_1_219' title='bbox 429 3095 454 3124; x_wconf 78' lang='grc'><strong>00</strong></span> 
     </span>
     <span class='ocr_line' id='line_1_29' title="bbox 280 3097 1489 3235; baseline -0.002 -29"><span class='ocrx_word' id='word_1_220' title='bbox 280 3097 482 3235; x_wconf 49' lang='lat' dir='ltr'><strong>ffffilufflfy‘</strong></span> <span class='ocrx_word' id='word_1_221' title='bbox 494 3147 676 3222; x_wconf 87' lang='lat' dir='ltr'><strong>supponitur.</strong></span> <span class='ocrx_word' id='word_1_222' title='bbox 719 3147 791 3208; x_wconf 88' lang='lat' dir='ltr'><strong>Cum</strong></span> <span class='ocrx_word' id='word_1_223' title='bbox 808 3166 876 3223; x_wconf 83' lang='lat' dir='ltr'><strong>ergo</strong></span> <span class='ocrx_word' id='word_1_224' title='bbox 897 3149 996 3208; x_wconf 89' lang='lat' dir='ltr'><strong>eodem</strong></span> <span class='ocrx_word' id='word_1_225' title='bbox 1014 3149 1162 3208; x_wconf 84' lang='lat' dir='ltr'><strong>accidente</strong></span> <span class='ocrx_word' id='word_1_226' title='bbox 1174 3148 1348 3207; x_wconf 80' lang='lat' dir='ltr'><strong>informator</strong></span> <span class='ocrx_word' id='word_1_227' title='bbox 1362 3149 1489 3208; x_wconf 89' lang='lat' dir='ltr'><strong>Christus</strong></span> 
     </span>
    </p>
   </div>
   <div class='ocr_carea' id='block_1_16' title="bbox 277 3235 1590 4056">
    <p class='ocr_par' dir='ltr' id='par_1_26' title="bbox 277 3235 1590 4056">
     <span class='ocr_line' id='line_1_30' title="bbox 282 3235 1529 3330; baseline -0.002 -22"><span class='ocrx_word' id='word_1_228' title='bbox 282 3235 481 3327; x_wconf 52' lang='lat' dir='ltr'><strong>{ffiofflffffi</strong></span> <span class='ocrx_word' id='word_1_229' title='bbox 492 3256 523 3310; x_wconf 90' lang='lat' dir='ltr'><strong>et</strong></span> <span class='ocrx_word' id='word_1_230' title='bbox 542 3250 601 3310; x_wconf 84' lang='lat' dir='ltr'><strong>iste</strong></span> <span class='ocrx_word' id='word_1_231' title='bbox 622 3251 796 3324; x_wconf 83' lang='lat' dir='ltr'><strong>humanitas,</strong></span> <span class='ocrx_word' id='word_1_232' title='bbox 818 3252 952 3329; x_wconf 91' lang='lat' dir='ltr'><strong>sequitur</strong></span> <span class='ocrx_word' id='word_1_233' title='bbox 972 3253 1051 3330; x_wconf 89' lang='lat' dir='ltr'><strong>qnod</strong></span> <span class='ocrx_word' id='word_1_234' title='bbox 1073 3252 1149 3311; x_wconf 90' lang='lat' dir='ltr'><strong>idem</strong></span> <span class='ocrx_word' id='word_1_235' title='bbox 1171 3259 1215 3312; x_wconf 89' lang='lat' dir='ltr'><strong>est</strong></span> <span class='ocrx_word' id='word_1_236' title='bbox 1235 3252 1368 3312; x_wconf 86' lang='lat' dir='ltr'><strong>Christus</strong></span> <span class='ocrx_word' id='word_1_237' title='bbox 1389 3257 1420 3312; x_wconf 89' lang='lat' dir='ltr'><strong>et</strong></span> <span class='ocrx_word' id='word_1_238' title='bbox 1441 3251 1529 3310; x_wconf 73' lang='lat' dir='ltr'><strong>fluas</strong></span> 
     </span>
     <span class='ocr_line' id='line_1_31' title="bbox 277 3334 1489 3438; baseline 0.002 -26"><span class='ocrx_word' id='word_1_239' title='bbox 277 3347 352 3436; x_wconf 59' lang='lat'><strong>3222,</strong></span> <span class='ocrx_word' id='word_1_240' title='bbox 374 3334 680 3438; x_wconf 42' lang='lat' dir='ltr'><strong>,hifflhumanitass</strong></span> <span class='ocrx_word' id='word_1_241' title='bbox 710 3356 778 3414; x_wconf 73' lang='lat' dir='ltr'><strong>vel&#39;</strong></span> <span class='ocrx_word' id='word_1_242' title='bbox 812 3355 837 3413; x_wconf 91' lang='lat' dir='ltr'><strong>si</strong></span> <span class='ocrx_word' id='word_1_243' title='bbox 864 3356 996 3415; x_wconf 86' lang='lat' dir='ltr'><strong>Christus</strong></span> <span class='ocrx_word' id='word_1_244' title='bbox 1022 3376 1081 3415; x_wconf 93' lang='lat' dir='ltr'><strong>non</strong></span> <span class='ocrx_word' id='word_1_245' title='bbox 1107 3356 1146 3415; x_wconf 89' lang='lat' dir='ltr'><strong>sit</strong></span> <span class='ocrx_word' id='word_1_246' title='bbox 1172 3356 1226 3415; x_wconf 86' lang='lat' dir='ltr'><strong>illa</strong></span> <span class='ocrx_word' id='word_1_247' title='bbox 1250 3356 1418 3416; x_wconf 82' lang='lat' dir='ltr'><strong>humanitas</strong></span> <span class='ocrx_word' id='word_1_248' title='bbox 1443 3353 1489 3414; x_wconf 88' lang='lat' dir='ltr'><strong>sed</strong></span> 
     </span>
     <span class='ocr_line' id='line_1_32' title="bbox 280 3435 1488 3538; baseline -0.001 -19"><span class='ocrx_word' id='word_1_249' title='bbox 280 3435 481 3538; x_wconf 49' lang='lat' dir='ltr'><strong>{ffi‘ii&#39;u‘ijfflom‘</strong></span> <span class='ocrx_word' id='word_1_250' title='bbox 492 3463 628 3520; x_wconf 87' lang='lat' dir='ltr'><strong>movetur</strong></span> <span class='ocrx_word' id='word_1_251' title='bbox 651 3461 810 3519; x_wconf 88' lang='lat' dir='ltr'><strong>seeundum</strong></span> <span class='ocrx_word' id='word_1_252' title='bbox 835 3459 926 3532; x_wconf 85' lang='lat' dir='ltr'><strong>illam,</strong></span> <span class='ocrx_word' id='word_1_253' title='bbox 956 3460 1013 3520; x_wconf 88' lang='lat' dir='ltr'><strong>alia</strong></span> <span class='ocrx_word' id='word_1_254' title='bbox 1040 3465 1085 3520; x_wconf 88' lang='lat' dir='ltr'><strong>est</strong></span> <span class='ocrx_word' id='word_1_255' title='bbox 1106 3461 1198 3520; x_wconf 88' lang='lat' dir='ltr'><strong>mocio</strong></span> <span class='ocrx_word' id='word_1_256' title='bbox 1226 3461 1335 3521; x_wconf 79' lang='lat' dir='ltr'><strong>Christi</strong></span> <span class='ocrx_word' id='word_1_257' title='bbox 1361 3467 1393 3521; x_wconf 88' lang='lat' dir='ltr'><strong>et</strong></span> <span class='ocrx_word' id='word_1_258' title='bbox 1418 3462 1488 3520; x_wconf 89' lang='lat' dir='ltr'><strong>alius</strong></span> 
     </span>
     <span class='ocr_line' id='line_1_33' title="bbox 493 3563 1487 3642; baseline 0.002 -20"><span class='ocrx_word' id='word_1_259' title='bbox 493 3568 589 3623; x_wconf 89' lang='lat' dir='ltr'><strong>motus</strong></span> <span class='ocrx_word' id='word_1_260' title='bbox 615 3563 697 3622; x_wconf 84' lang='lat' dir='ltr'><strong>eins:</strong></span> <span class='ocrx_word' id='word_1_261' title='bbox 733 3567 763 3622; x_wconf 90' lang='lat' dir='ltr'><strong>et</strong></span> <span class='ocrx_word' id='word_1_262' title='bbox 789 3563 833 3622; x_wconf 88' lang='lat' dir='ltr'><strong>ito</strong></span> <span class='ocrx_word' id='word_1_263' title='bbox 857 3569 1082 3624; x_wconf 85' lang='lat' dir='ltr'><strong>numerarentur</strong></span> <span class='ocrx_word' id='word_1_264' title='bbox 1107 3583 1205 3623; x_wconf 88' lang='lat' dir='ltr'><strong>omnes</strong></span> <span class='ocrx_word' id='word_1_265' title='bbox 1233 3565 1325 3624; x_wconf 81' lang='lat' dir='ltr'><strong>forme</strong></span> <span class='ocrx_word' id='word_1_266' title='bbox 1351 3566 1487 3642; x_wconf 86' lang='lat' dir='ltr'><strong>complete</strong></span> 
     </span>
     <span class='ocr_line' id='line_1_34' title="bbox 493 3661 1590 3734; baseline 0.001 -7"><span class='ocrx_word' id='word_1_267' title='bbox 493 3667 684 3727; x_wconf 75' lang='lat' dir='ltr'><strong>accidentales</strong></span> <span class='ocrx_word' id='word_1_268' title='bbox 710 3666 742 3725; x_wconf 91' lang='lat' dir='ltr'><strong>in</strong></span> <span class='ocrx_word' id='word_1_269' title='bbox 770 3666 884 3726; x_wconf 84' lang='lat' dir='ltr'><strong>Christo</strong></span> <span class='ocrx_word' id='word_1_270' title='bbox 911 3667 1069 3726; x_wconf 88' lang='lat' dir='ltr'><strong>secundum</strong></span> <span class='ocrx_word' id='word_1_271' title='bbox 1095 3687 1250 3727; x_wconf 88' lang='lat' dir='ltr'><strong>numerum</strong></span> <span class='ocrx_word' id='word_1_272' title='bbox 1275 3669 1486 3728; x_wconf 87' lang='lat' dir='ltr'><strong>subiectorum:</strong></span> <span class='ocrx_word' id='word_1_273' title='bbox 1589 3661 1590 3734; x_wconf 77' lang='lat' dir='ltr'><strong>l</strong></span> 
     </span>
     <span class='ocr_line' id='line_1_35' title="bbox 493 3770 1529 3850; baseline 0 -22"><span class='ocrx_word' id='word_1_274' title='bbox 493 3770 590 3848; x_wconf 82' lang='lat' dir='ltr'><strong>qucd⁸</strong></span> <span class='ocrx_word' id='word_1_275' title='bbox 610 3775 655 3830; x_wconf 89' lang='lat' dir='ltr'><strong>est</strong></span> <span class='ocrx_word' id='word_1_276' title='bbox 673 3770 858 3847; x_wconf 89' lang='lat' dir='ltr'><strong>impossibile,</strong></span> <span class='ocrx_word' id='word_1_277' title='bbox 879 3789 945 3830; x_wconf 90' lang='lat' dir='ltr'><strong>cum</strong></span> <span class='ocrx_word' id='word_1_278' title='bbox 963 3770 1080 3829; x_wconf 87' lang='lat' dir='ltr'><strong>nullum</strong></span> <span class='ocrx_word' id='word_1_279' title='bbox 1100 3771 1160 3831; x_wconf 79' lang='lat' dir='ltr'><strong>tale</strong></span> <span class='ocrx_word' id='word_1_280' title='bbox 1179 3772 1311 3832; x_wconf 87' lang='lat' dir='ltr'><strong>accidens</strong></span> <span class='ocrx_word' id='word_1_281' title='bbox 1330 3773 1408 3832; x_wconf 81' lang='lat' dir='ltr'><strong>foret</strong></span> <span class='ocrx_word' id='word_1_282' title='bbox 1425 3791 1488 3850; x_wconf 89' lang='lat' dir='ltr'><strong>pars</strong></span> <span class='ocrx_word' id='word_1_283' title='bbox 1499 3773 1529 3828; x_wconf 77' lang='lat'><strong>30</strong></span> 
     </span>
     <span class='ocr_line' id='line_1_36' title="bbox 492 3873 1486 3952; baseline 0.001 -19"><span class='ocrx_word' id='word_1_284' title='bbox 492 3874 623 3946; x_wconf 88' lang='lat' dir='ltr'><strong>alterius,</strong></span> <span class='ocrx_word' id='word_1_285' title='bbox 643 3874 694 3933; x_wconf 89' lang='lat' dir='ltr'><strong>sed</strong></span> <span class='ocrx_word' id='word_1_286' title='bbox 713 3875 844 3952; x_wconf 89' lang='lat' dir='ltr'><strong>quelibet</strong></span> <span class='ocrx_word' id='word_1_287' title='bbox 864 3894 932 3951; x_wconf 84' lang='lat' dir='ltr'><strong>pora</strong></span> <span class='ocrx_word' id='word_1_288' title='bbox 950 3873 1039 3934; x_wconf 90' lang='lat' dir='ltr'><strong>unius</strong></span> <span class='ocrx_word' id='word_1_289' title='bbox 1057 3894 1125 3951; x_wconf 86' lang='lat' dir='ltr'><strong>pars</strong></span> <span class='ocrx_word' id='word_1_290' title='bbox 1147 3875 1269 3935; x_wconf 85' lang='lat' dir='ltr'><strong>alterius</strong></span> <span class='ocrx_word' id='word_1_291' title='bbox 1290 3881 1321 3936; x_wconf 89' lang='lat' dir='ltr'><strong>et</strong></span> <span class='ocrx_word' id='word_1_292' title='bbox 1343 3896 1359 3935; x_wconf 91' lang='lat' dir='ltr'><strong>e</strong></span> <span class='ocrx_word' id='word_1_293' title='bbox 1382 3885 1486 3936; x_wconf 90' lang='lat' dir='ltr'><strong>contra.</strong></span> 
     </span>
     <span class='ocr_line' id='line_1_37' title="bbox 280 3957 1488 4056; baseline 0.002 -20"><span class='ocrx_word' id='word_1_294' title='bbox 280 3957 481 4051; x_wconf 53' lang='lat' dir='ltr'><strong>fjslfflfflffi</strong></span> <span class='ocrx_word' id='word_1_295' title='bbox 493 3977 595 4038; x_wconf 85' lang='lat' dir='ltr'><strong>Tercio</strong></span> <span class='ocrx_word' id='word_1_296' title='bbox 608 3977 796 4037; x_wconf 82' lang='lat' dir='ltr'><strong>confirmetur</strong></span> <span class='ocrx_word' id='word_1_297' title='bbox 808 3998 847 4037; x_wconf 87' lang='lat' dir='ltr'><strong>ex</strong></span> <span class='ocrx_word' id='word_1_298' title='bbox 860 3978 914 4037; x_wconf 90' lang='lat' dir='ltr'><strong>hoo</strong></span> <span class='ocrx_word' id='word_1_299' title='bbox 928 3978 1006 4056; x_wconf 88' lang='lat' dir='ltr'><strong>quod</strong></span> <span class='ocrx_word' id='word_1_300' title='bbox 1017 3979 1110 4038; x_wconf 89' lang='lat' dir='ltr'><strong>nichil</strong></span> <span class='ocrx_word' id='word_1_301' title='bbox 1123 3979 1230 4040; x_wconf 86' lang='lat' dir='ltr'><strong>suffieit</strong></span> <span class='ocrx_word' id='word_1_302' title='bbox 1242 3979 1383 4040; x_wconf 81' lang='lat' dir='ltr'><strong>redimere</strong></span> <span class='ocrx_word' id='word_1_303' title='bbox 1402 4000 1488 4056; x_wconf 77' lang='lat' dir='ltr'><strong>genus</strong></span> 
     </span>
    </p>
   </div>
   <div class='ocr_carea' id='block_1_17' title="bbox 278 4059 1590 4163">
    <p class='ocr_par' dir='ltr' id='par_1_27' title="bbox 278 4059 1590 4163">
     <span class='ocr_line' id='line_1_38' title="bbox 278 4059 1590 4163; baseline 0.002 -21"><span class='ocrx_word' id='word_1_304' title='bbox 278 4059 366 4160; x_wconf 45' lang='lat' dir='ltr'><strong>iiii?</strong></span> <span class='ocrx_word' id='word_1_305' title='bbox 420 4069 653 4141; x_wconf 64' lang='lat' dir='ltr'><strong>m&#39;humanum</strong></span> <span class='ocrx_word' id='word_1_306' title='bbox 677 4080 683 4162; x_wconf 88' lang='grc' dir='ltr'>Ι</span> <span class='ocrx_word' id='word_1_307' title='bbox 708 4081 845 4159; x_wconf 81' lang='lat' dir='ltr'><strong>perfecte,</strong></span> <span class='ocrx_word' id='word_1_308' title='bbox 874 4086 910 4143; x_wconf 92' lang='lat' dir='ltr'><strong>ut</strong></span> <span class='ocrx_word' id='word_1_309' title='bbox 942 4084 1026 4142; x_wconf 90' lang='lat' dir='ltr'><strong>modo</strong></span> <span class='ocrx_word' id='word_1_310' title='bbox 1051 4083 1214 4158; x_wconf 85' lang='lat' dir='ltr'><strong>redimitur,</strong></span> <span class='ocrx_word' id='word_1_311' title='bbox 1249 4085 1306 4144; x_wconf 89' lang='lat' dir='ltr'><strong>nisi</strong></span> <span class='ocrx_word' id='word_1_312' title='bbox 1330 4084 1427 4163; x_wconf 90' lang='lat' dir='ltr'><strong>ipsum</strong></span> <span class='ocrx_word' id='word_1_313' title='bbox 1453 4063 1590 4153; x_wconf 49' lang='lat' dir='ltr'><strong>sitfflllh</strong></span> 
     </span>
    </p>
   </div>
   <div class='ocr_carea' id='block_1_18' title="bbox 323 4269 1590 4460">
    <p class='ocr_par' dir='ltr' id='par_1_28' title="bbox 323 4269 1590 4460">
     <span class='ocr_line' id='line_1_39' title="bbox 324 4269 1177 4337; baseline 0.005 -15"><span class='ocrx_word' id='word_1_314' title='bbox 324 4269 588 4337; x_wconf 81' lang='lat' dir='ltr'><strong>¹tsnporalisABC.</strong></span> <span class='ocrx_word' id='word_1_315' title='bbox 862 4271 1074 4325; x_wconf 73' lang='lat' dir='ltr'><strong>²atbeatifioente</strong></span> <span class='ocrx_word' id='word_1_316' title='bbox 1086 4273 1177 4327; x_wconf 79' lang='lat' dir='ltr'><strong>ABG.</strong></span> 
     </span>
     <span class='ocr_line' id='line_1_40' title="bbox 324 4328 1590 4396; baseline 0.008 -11"><span class='ocrx_word' id='word_1_317' title='bbox 324 4335 362 4372; x_wconf 79' lang='lat'><strong>³-⁸</strong></span> <span class='ocrx_word' id='word_1_318' title='bbox 377 4336 606 4387; x_wconf 76' lang='lat' dir='ltr'><strong>acamohneliom.</strong></span> <span class='ocrx_word' id='word_1_319' title='bbox 618 4336 707 4388; x_wconf 80' lang='lat' dir='ltr'><strong>ABC.</strong></span> <span class='ocrx_word' id='word_1_320' title='bbox 860 4338 965 4389; x_wconf 79' lang='lat' dir='ltr'><strong>⁴tonna</strong></span> <span class='ocrx_word' id='word_1_321' title='bbox 976 4357 1018 4392; x_wconf 78' lang='lat' dir='ltr'><strong>om.</strong></span> <span class='ocrx_word' id='word_1_322' title='bbox 1034 4339 1061 4393; x_wconf 91' lang='lat' dir='ltr'><strong>C.</strong></span> <span class='ocrx_word' id='word_1_323' title='bbox 1237 4339 1385 4394; x_wconf 71' lang='lat' dir='ltr'><strong>‘aliudesse</strong></span> <span class='ocrx_word' id='word_1_324' title='bbox 1399 4343 1458 4396; x_wconf 81' lang='lat'><strong>00.</strong></span> <span class='ocrx_word' id='word_1_325' title='bbox 1589 4328 1590 4368; x_wconf 74' lang='lat' dir='ltr'><strong>l</strong></span> 
     </span>
     <span class='ocr_line' id='line_1_41' title="bbox 323 4399 1329 4460; baseline 0.007 -9"><span class='ocrx_word' id='word_1_326' title='bbox 323 4399 334 4432; x_wconf 83' lang='lat'>⁸</span> <span class='ocrx_word' id='word_1_327' title='bbox 351 4399 439 4452; x_wconf 82' lang='lat' dir='ltr'><strong>nobile</strong></span> <span class='ocrx_word' id='word_1_328' title='bbox 449 4418 494 4451; x_wconf 80' lang='lat' dir='ltr'><strong>om.</strong></span> <span class='ocrx_word' id='word_1_329' title='bbox 507 4401 534 4454; x_wconf 84' lang='lat' dir='ltr'><strong>C.</strong></span> <span class='ocrx_word' id='word_1_330' title='bbox 857 4405 867 4439; x_wconf 70' lang='grc' dir='ltr'>ἵ</span> <span class='ocrx_word' id='word_1_331' title='bbox 884 4409 912 4454; x_wconf 85' lang='lat' dir='ltr'><strong>ut</strong></span> <span class='ocrx_word' id='word_1_332' title='bbox 924 4409 952 4454; x_wconf 84' lang='lat'><strong>0.</strong></span> <span class='ocrx_word' id='word_1_333' title='bbox 1235 4408 1246 4442; x_wconf 85' lang='lat'>⁸</span> <span class='ocrx_word' id='word_1_334' title='bbox 1261 4411 1286 4456; x_wconf 84' lang='lat' dir='ltr'><strong>et</strong></span> <span class='ocrx_word' id='word_1_335' title='bbox 1298 4410 1329 4460; x_wconf 89' lang='lat'><strong>0.</strong></span> 
     </span>
    </p>
   </div>
   <div class='ocr_carea' id='block_1_19' title="bbox 0 0 1638 5258">
    <p class='ocr_par' dir='ltr' id='par_1_29' title="bbox 0 0 1638 5258">
     <span class='ocr_line' id='line_1_42' title="bbox 0 0 1638 5258; baseline 0 0"><span class='ocrx_word' id='word_1_336' title='bbox 0 0 1638 5258; x_wconf 95' lang='lat' dir='ltr'><strong> </strong></span> 
     </span>
    </p>
   </div>
  </div>
 </body>
</html>
