3192 5216
736 576 902 622 «IOHANNIS
924 577 1051 623 Wrcnlr
1367 575 1439 630 [Cu.
1453 575 1486 619 n.

474 754 537 813 loco
557 753 675 830 dignam
695 759 819 815 mortem
836 755 1005 815 blesiemie¹
1025 756 1076 816 ‘et
1087 755 1177 816 fetide
1191 756 1317 816 mentis'
1330 756 1484 815 exsolvit'

472 857 513 917 Et
527 859 597 935 quia
616 859 775 919 secundum
792 859 967 934 Magistrum
988 859 1207 920 Sentenoiorum
1220 860 1253 919 in
1267 859 1311 920 3⁰·
1332 859 1413 918 Dist.
1438 864 1483 918 2⁸.

472 962 554 1021 Arrii
567 963 621 1023 hec
634 963 724 1023 luisse
737 963 877 1040 perfidia³
890 963 1000 1038 legitur
1013 968 1048 1023 ut
1061 964 1209 1024 Christum
1222 964 1302 1024 esse¹
1316 968 1485 1024 creaturam

472 1065 623 1140 fateretur,
639 1072 674 1127 ut
687 1067 796 1144 capite
815 1068 900 1126 beato
914 1067 1066 1126 Ambrosio
1084 1066 1177 1145 primo
1190 1067 1265 1126 libro
1281 1068 1317 1126 de
1332 1067 1484 1126 trinitate

260 1175 461 1268 2353.me
473 1153 535 1246 esp.
559 1168 603 1227 o0·
647 1167 1512 1246 ⁸1n00,1nqucumb10nus‚uffusaamensamens

260 1238 385 1328 lombudl
473 1277 503 1332 et
523 1273 637 1350 crepuit
655 1272 768 1332 medius
787 1277 947 1350 prostratus
966 1272 998 1330 in
1011 1271 1116 1332 facicm
1129 1292 1171 1346 ea,
1188 1271 1295 1350 quibus
1308 1271 1484 1332 Christum*

472 1378 640 1452 negaverat,
655 1376 723 1436 feda
737 1381 803 1436 ore⁶
816 1376 968 1452 pollutus.’

514 1479 656 1546 Quando⁷
669 1499 737 1555 ergo
755 1479 826 1538 ille⁸
840 1477 937 1556 opinio
951 1478 1069 1538 ridetur
1085 1477 1171 1538 Arrio
1187 1478 1220 1537 in
1239 1479 1294 1538 hoc
1313 1479 1483 1538 consentire

260 1580 582 1685 fflhffifflbonum
607 1584 725 1644 ridetur
751 1583 967 1643 differcnciam⁹
998 1583 1153 1643 declarare.
1213 1582 1289 1641 Nam
1323 1590 1484 1660 propterea

261 1645 348 1774 ΜΒ.
364 1689 462 1774 ffiffi
473 1688 591 1748 ridetur
610 1689 750 1762 Magistro
771 1693 802 1748 et
821 1689 915 1766 ipsum
940 1689 1129 1769 sequentibus
1147 1686 1295 1765 potissime
1316 1690 1396 1765 qnod
1420 1708 1481 1748 non
1496 1701 1526 1756 ιο

261 1783 340 1874 ξζῗξξᾶ
352 1783 417 1874 Ἓξ*
424 1782 462 1874 ¹0¹ss
474 1793 561 1853 debet
574 1793 691 1852 concedi
704 1793 875 1869 simpliciter
889 1794 1037 1854 Christum
1050 1813 1111 1852 esse
1125 1796 1287 1852 creaturam
1300 1793 1348 1851 rel
1363 1793 1482 1852 facttum

262 1883 422 1935 summm.
474 1897 525 1956 sed
538 1917 602 1956 cum
617 1896 859 1957 determinacione
869 1899 889 1932 ¹⁰
909 1899 987 1976 quod
1006 1897 1067 1957 iuit
1085 1897 1181 1956 iactus
1201 1896 1361 1955 secundum
1380 1895 1480 1956 homi-

473 2020 550 2059 nem.
591 2000 689 2059 Primo
709 2020 776 2075 ergo
795 2002 955 2061 notandum
976 2002 1054 2080 quod
1073 2020 1223 2078 nunquam
1246 2000 1306 2060 fnit
1328 2001 1481 2061 hereticus

475 2105 548 2182 quin
562 2105 594 2164 in
607 2105 706 2183 aliquo
721 2105 798 2164 dixit
811 2126 930 2167 rerum:
954 2127 1052 2166 omnes
1065 2107 1144 2165 enim
1159 2111 1361 2166 concesserunt
1378 2106 1480 2166 Deum

475 2227 555 2267 esse:
578 2212 609 2268 et
621 2209 686 2267 ideo
699 2209 784 2268 valde
797 2209 987 2270 inconsonum
999 2214 1044 2270 est
1061 2209 1172 2270 doctori
1191 2210 1338 2287 imponere
1358 2209 1448 2269 elteri
1460 2211 1479 2244 ¹¹
1494 2213 1525 2267 lt

474 2311 600 2370 heresim
615 2311 778 2386 Arrianam,
793 2313 852 2372 nisi
869 2314 951 2390 prius
970 2313 1127 2390 diligenter
1145 2313 1291 2374 notaverit
1312 2313 1345 2372 in
1368 2314 1480 2391 quibus

475 2418 506 2474 et
519 2415 660 2492 quomodo
672 2416 741 2474 talis
753 2417 863 2476 heresis
876 2421 921 2476 est
932 2418 1064 2476 fundate.

263 2537 316 2579 rsa
327 2535 404 2589 aeray
412 2547 463 2578 eon·
515 2518 606 2578 Stetit
618 2537 686 2594 crgo
699 2520 809 2580 heretis
822 2520 946 2580 Aniene
962 2520 994 2579 in
1011 2521 1057 2579 hie
1077 2520 1171 2580 tribus
1189 2519 1336 2598 precipue.
1378 2521 1479 2580 Primo

262 2587 314 2628 ’Μ’
346 2586 370 2628 ⁰¹
401 2587 504 2681 amin
520 2623 574 2681 hoc
588 2623 666 2700 quod
678 2624 798 2698 negavit
812 2623 960 2684 Christum
974 2643 1035 2684 esse
1047 2623 1143 2682 Deum
1157 2624 1276 2683 deorum
1289 2628 1320 2683 et
1336 2641 1479 2700 magnum

262 2649 341 2698 'esrom

261 2687 464 2830 &siddimi-¹¹3}
475 2723 580 2799 Deum,
597 2744 663 2784 oum
682 2725 780 2803 posuit
799 2745 866 2784 eum
878 2726 899 2758 ¹²
918 2744 978 2784 esse
997 2744 1057 2784 non
1076 2724 1205 2786 eiusdem
1225 2726 1388 2786 substancia
1409 2746 1479 2786 oum
1491 2735 1523 2791 20

263 2787 398 2881 iieliiuiii
409 2789 437 2830 ’ί
476 2828 572 2901 Petro,
589 2828 639 2888 sed
652 2828 729 2904 ipsos
742 2829 859 2886 differre
873 2829 909 2887 ab
923 2828 1047 2888 invicem
1060 2828 1151 2888 eciam
1165 2829 1324 2889 seeundum
1336 2829 1478 2890 deitatem

477 2929 710 2990 substancialiter
723 2930 799 2990 sicut
810 2932 829 2965 ¹¹
843 2929 984 2990 differrmt
996 2931 1194 3008 personaliter.

263 3037 464 3130 retituet
515 3033 600 3092 ΜΒ
620 3033 804 3108 Aegrum
830 3033 903 3109 spe.
929 3039 966 3092 ³³
994 3035 1031 3093 ad
1056 3033 1247 3107 nonnam,
1266 3033 1333 3108 ‘Ua
1348 3033 1475 3112 linquit
1490 3043 1547 3114 [σει

263 3136 631 3231 ᾒξὲζὴῇζῦῶὴωήτετῑ*
652 3136 797 3196 insinuem
821 3137 971 3197 dilectioni
994 3141 1045 3197 tue
1067 3137 1140 3214 quid
1161 3137 1239 3197 inter
1259 3138 1479 3198 arrianorum¹¹

262 3240 306 3332 ἕξω
318 3239 371 3332 ffit
387 3239 464 3332 ἓξὲξ
477 3246 507 3302 et
519 3241 739 3301 Donatistarum
752 3241 868 3301 intersit
885 3261 1028 3301 errorem:
1050 3240 1169 3301 Arriani
1182 3240 1279 3300 Patris
1296 3245 1327 3301 ct
1340 3241 1411 3301 Filii
1426 3249 1457 3304 et
1468 3243 1473 3318 Ι
1490 3243 1569 3322 [arel

263 3340 382 3382 ”mm
477 3345 604 3424 Spiritus
626 3344 726 3406 Sancti
748 3345 877 3404 diverses
898 3365 959 3405 esse
982 3345 1160 3404 substanciae
1179 3344 1299 3419 dicunt3
1322 3345 1478 3406 Donatiste

476 3455 574 3510 autem
597 3469 656 3509 non
679 3448 897 3524 hoc¹⁸ldicunt,
923 3449 973 3508 sed
995 3467 1084 3506 unam
1108 3447 1260 3508 Trinitatis
1281 3449 1477 3510 substanciam
1490 3431 1569 3529 [othl

477 3553 671 3613 confitmtur!
703 3552 791 3612 Dixit
804 3553 903 3630 itaque
913 3554 931 3588 ¹²
945 3551 1049 3611 Arrius
1063 3551 1140 3629 quod
1153 3571 1266 3612 summa
1278 3553 1405 3613 essentis
1418 3572 1478 3632 que

477 3661 523 3718 est
545 3657 679 3716 Ohristm
700 3656 739 3716 sit
760 3655 833 3716 citra
853 3655 1009 3716 cssenoiam
1028 3654 1085 3714 Dei
1105 3655 1209 3729 Petris,
1231 3658 1267 3715 ut
1285 3663 1331 3716 eet
1349 3659 1478 3718 cesennia

477 3754 574 3829 angeli
586 3754 635 3812 rel
653 3753 778 3812 hominis
796 3775 868 3832 quos
885 3754 1027 3831 scriptura
1040 3773 1120 3814 sacre
1132 3755 1217 3813 vocat
1229 3754 1297 3814 deos
1310 3753 1475 3831 pluraliter,
1490 3765 1523 3823 30

332 3864 422 3906 rsunx.
432 3865 465 3907 ³4-
479 3859 513 3916 ut
525 3857 634 3932 allegat
648 3856 780 3917 Salvator
792 3857 895 3918 Iudeis
906 3847 975 3916 Ion.
993 3861 1038 3916 10.
1082 3857 1205 3917 ‘Nonne
1219 3857 1360 3935 scriptum
1379 3864 1426 3919 est
1445 3859 1476 3918 in

313 3938 466 3982 affl*
477 3960 544 4036 lege
563 3963 668 4034 vestra,
690 3961 770 4036 ‘Ego
789 3959 853 4020 dixi
872 3961 915 4020 dii
935 3959 1039 4021 estisl’
1081 3959 1113 4020 Si
1132 3959 1225 4037 igitur
1238 3979 1287 4020 eos
1298 3964 1383 4021 vocet
1396 3962 1474 4037 dece,

307 4101 499 4163 ¹blaciem003
517 4099 663 4168 blasphemie
675 4101 703 4152 0.
878 4103 915 4144 ²·¹
931 4101 1036 4154 debitam
1047 4101 1084 4153 M.
1234 4100 1367 4168 ⁸profldea
1378 4103 1409 4154 0.

306 4169 384 4218 ‘esse
400 4185 444 4217 orn.
458 4167 488 4218 0.
578 4167 589 4200 ⁶
606 4165 729 4217 Christum
740 4183 785 4218 om.
798 4167 884 4218 ABG.
965 4167 977 4200 ⁸
992 4166 1053 4219 hora
1065 4167 1094 4219 0.
1190 4166 1376 4232 'nominc

307 4234 318 4267 ⁸
333 4233 381 4283 ista
392 4231 423 4282 0.
697 4231 707 4264 ⁸
722 4231 791 4282 drdm
801 4231 889 4282 ABG.
1137 4231 1158 4265 ¹⁰
1173 4229 1335 4284 declaracioue
1346 4231 1376 4282 Ο.

298 4298 318 4333 ¹¹
335 4296 427 4347 doctori
436 4295 508 4346 alteri
518 4295 716 4364 imponareAC;
734 4295 826 4347 doctori
837 4296 909 4348 altine
920 4295 1041 4363 imponere
1052 4295 1082 4348 Β.
1281 4295 1303 4328 ¹²
1319 4296 1397 4362 ipsum
1410 4295 1441 4346 0.

297 4362 317 4396 ¹⁸
333 4362 367 4412 sic
379 4361 406 4412 0.
682 4361 703 4394 ¹⁶
720 4359 879 4413 brevitatem.
893 4363 922 4411 0.
1171 4361 1192 4394 ¹⁸
1209 4360 1365 4412 arumnorum
1377 4361 1407 4411 0.

298 4426 320 4462 ¹¹
334 4423 539 4478 hocnanBO.
864 4425 882 4460 ¹⁷
898 4429 979 4476 autam
990 4425 1021 4477 0.
