3230 5200
142 567 211 613 Cu.
222 570 289 624 xit]
501 573 545 617 me
567 572 753 617 annumero
774 571 1031 617 malaxatione.

145 750 239 828 quod
271 749 421 810 infinitum
451 749 555 810 melior
583 751 703 827 poteet¹
736 769 798 810 esse
826 748 925 808 minus
952 767 1041 826 quem
1067 747 1162 820 homo,

144 855 254 930 posito
280 855 358 931 qnod
383 854 514 913 infinitas
539 858 660 914 neumas
690 854 816 913 asininae
842 852 972 911 Verbum
1006 855 1165 912 assumeret

147 964 296 1016 naturam
319 957 444 1016 hominia
468 956 650 1016 dimittendo.
692 957 733 1016 Et
754 976 808 1032 per
830 975 1008 1033 consequens
1031 955 1164 1032 sequitur

151 1061 196 1121 3⁰
216 1062 295 1139 quod
312 1061 421 1139 species
440 1081 500 1120 non
518 1061 697 1121 assimilatur
713 1060 851 1132 numeris,
868 1080 934 1120 cum
955 1059 1048 1119 omnis
1068 1063 1165 1118 creata

110 1165 327 1226 5aubstancia
359 1164 452 1241 magis
478 1169 508 1224 et
538 1165 635 1224 miuus
665 1164 845 1241 susciperet²
878 1167 914 1223 ut
945 1183 1022 1223 uuus
1054 1164 1164 1222 homo⁸
1237 1139 1241 1148 ⁴

154 1271 260 1330 esaet⁴
286 1269 400 1347 reliquo
423 1269 455 1328 in
477 1269 567 1346 duplo
594 1269 686 1344 magis
705 1269 792 1327 homo
812 1272 931 1346 propter
952 1267 1165 1326 humanitatem

155 1374 327 1451 dupliccm3
355 1377 385 1433 et
407 1373 448 1432 sio
470 1373 506 1432 de
530 1373 662 1451 qualibet
682 1372 869 1449 proporoione
891 1371 1030 1431 racionali
1052 1370 1164 1444 reali3⁵

159 1481 193 1536 et
212 1497 265 1554 per
284 1496 462 1554 consequeus
483 1477 617 1536 Christus
639 1477 753 1536 racione
774 1475 974 1535 multitudinis
994 1479 1164 1533 naturarum

159 1582 327 1641 excederet
355 1582 388 1640 iu
420 1580 603 1640 humanitate
637 1580 831 1658 quodeunque
865 1578 946 1639 aliud
979 1577 1164 1638 individuum

98 1695 145 1750 10
160 1686 277 1763 speciei.

202 1788 237 1848 3⁰
264 1789 382 1848 videtur
412 1789 491 1867 quod
523 1809 562 1848 ex
596 1788 675 1848 omni
708 1807 813 1864 genere
847 1787 1005 1848 accidentis
1035 1785 1164 1864 corporei
1177 1802 1207 1854 (e)
1280 1803 1378 1853 nalem.
1454 1807 1457 1815 ·

1140 1889 1147 1902 ,
1176 1853 1249 1894 chnut
1261 1855 1335 1895 would

159 1897 339 1970 potestesse
359 1893 529 1970 composicio
549 1893 680 1969 parcium
702 1891 856 1952 intensive.
897 1891 975 1950 Nam
1000 1895 1164 1951 coextensrs
1175 1903 1379 2004 quqlttqqeoqqh

159 1997 395 2057 humanitatibus
418 1998 577 2057 secundum
597 1997 733 2056 materies
755 2001 873 2073 possent
892 2000 991 2073 partes
1014 1994 1163 2076 quantita·
1175 2004 1378 2096 &gamainei

159 2101 223 2161 tiva
243 2101 431 2161 materiei-um
454 2104 485 2161 et
506 2120 623 2160 suorum
646 2099 841 2159 accideneium
865 2099 1035 2173 coextendi3
1060 2102 1091 2158 et
1112 2105 1240 2206 perffi.)
1275 2104 1378 2156 (wasser-

106 2218 146 2273 15
161 2225 348 2284 consequens,
377 2224 444 2264 cum
470 2204 566 2264 omnia
593 2207 663 2263 eunt
688 2203 781 2262 forme
807 2203 856 2262 vel
882 2203 1003 2262 mammo
1033 2201 1164 2262 eiusdem

160 2311 312 2388 suppositi,
336 2309 469 2387 sequitur
500 2309 578 2386 quod
607 2326 660 2384 per
685 2307 775 2366 talem
801 2307 1041 2383 composicionem
1067 2309 1164 2383 posset

160 2434 254 2474 unum
277 2413 409 2490 componi
429 2432 488 2471 non
515 2410 689 2485 extensive;
719 2431 787 2487 ergo
812 2410 978 2484 intensir03
1013 2410 1092 2488 quod
1118 2413 1164 2470 est

159 2516 347 2595 impossibile.
387 2517 428 2576 nt
452 2514 545 2597 [sie]⁸
571 2516 608 2576 de
634 2515 757 2574 materia
780 2520 811 2575 et
834 2515 936 2575 ceteris
956 2514 1160 2588 accidentibus,

159 2641 218 2699 que
241 2621 398 2681 secundum
418 2620 621 2699 philosophos*
644 2638 705 2678 non
730 2623 852 2695 possunt
878 2619 970 2694 magis
991 2619 1040 2678 vel
1066 2619 1163 2678 minus

105 2731 147 2786 20
159 2725 313 2802 suscipere.
354 2725 429 2784 Nam
442 2745 516 2802 eque
530 2742 653 2798 magnus
665 2722 742 2782 foret
756 2723 889 2783 Christus
902 2724 1060 2783 secundum
1075 2743 1163 2782 uuam

159 2829 381 2900 humanitatem,
407 2828 497 2888 sicut⁸
532 2827 609 2886 foret
641 2825 801 2885 'Christus
829 2827 1007 2886 seeundum⁹
1032 2826 1164 2885 infinitas

159 2938 278 3015 equalee
299 2936 419 2995 insimul
440 2940 617 2995 coexteneas.
666 2934 729 2994 Nec
756 2936 833 3010 sapit
859 2935 937 3011 quod
964 2933 1098 2993 Christus
1124 2934 1163 2993 sit

158 3041 303 3102 interimus
323 3039 509 3117 septipedalie
535 3058 623 3117 quam
646 3038 737 3114 prins.
792 3039 832 3097 Et
858 3037 906 3096 hic
927 3037 1044 3097 videtur
1071 3037 1162 3115 possi·

158 3145 249 3205 bile¹⁰
271 3144 349 3222 quod
369 3143 520 3202 infinitum
544 3161 667 3217 magnus
690 3142 749 3201 iam
767 3145 813 3202 est
836 3141 978 3212 Christus,
999 3144 1029 3200 et
1050 3141 1162 3200 nullam

105 3267 145 3323 25
158 3249 355 3326 quantitatem
374 3247 521 3324 deperdet,
542 3251 691 3306 ettamen
714 3245 746 3304 iu
767 3247 826 3305 flne
846 3245 904 3304 erit
923 3245 1017 3304 solum
1037 3245 1163 3322 septipe-

156 3350 241 3422 delie,
262 3351 355 3426 posito
376 3350 454 3426 quod
473 3348 604 3408 infinitas
623 3348 821 3408 humanitates
841 3349 959 3426 equales
979 3351 1106 3408 assumat
1125 3349 1162 3406 ad

157 3454 275 3512 modum
302 3453 412 3512 coree¹¹
435 3452 521 3512 iuxta
543 3452 673 3530 positas3
701 3452 773 3512 sie¹²
800 3453 878 3530 quod
904 3470 1003 3510 omnes
1026 3450 1078 3510 ille
1100 3471 1162 3511 sese

156 3562 343 3635 penetrantes
362 3559 593 3618 coextendantnr
612 3557 644 3616 in
663 3557 721 3616 fine
741 3557 803 3617 sine
823 3555 1062 3632 augmentatione
1074 3555 1094 3590 ¹⁸
1113 3555 1163 3615 vel

157 3660 374 3735 diminucioae;
394 3666 425 3722 et
440 3665 523 3738 patet
539 3660 693 3721 conclusio.
735 3660 775 3720 Et
795 3660 835 3720 sic
855 3659 1005 3720 infinitum
1024 3679 1163 3735 magnum

107 3767 145 3822 30
157 3768 254 3842 potest
280 3764 416 3824 continue
441 3764 575 3824 maiorari
601 3764 736 3823 continue
762 3764 941 3842 adquirendo
967 3763 1163 3842 quantitatem

157 3889 192 3930 ac
215 3869 328 3929 naham
347 3869 467 3946 penitus
485 3870 667 3946 deperdendo
687 3889 839 3947 quousque
865 3868 1016 3928 inlinitum
1038 3887 1162 3945 parvum

156 3973 258 4048 fuerit,
284 3977 320 4033 ut
339 3973 412 4033 alibi
434 3973 607 4034 declaratur.
656 3972 697 4033 Et
718 3971 874 4032 conformis
899 3977 945 4032 eat
969 3971 1163 4032 consideracio

203 4151 366 4218 ¹potcstom.
379 4151 409 4202 B.
662 4147 804 4216 ²anticipiet
816 4149 845 4200 Ο.
1114 4146 1268 4198 ⁸homoom.
1282 4146 1340 4198 00.

202 4216 213 4249 ⁴
229 4223 266 4266 eat
278 4217 308 4268 0.
440 4216 451 4249 ⁸
467 4214 526 4266 reali
543 4231 586 4290 oet.
600 4213 656 4266 00.
789 4214 800 4245 ⁸
816 4219 841 4264 et
851 4231 898 4265 om.
910 4213 946 4270 0;
964 4213 1007 4262 aio.
1018 4215 1044 4288 ,⁵⁹¹
1056 4229 1116 4264 ome.
1128 4215 1191 4262 cedd.
1200 4229 1245 4262 on.
1256 4214 1365 4274 capplm'

202 4281 324 4356 ¹phileae
341 4280 401 4357 hum
413 4281 442 4332 B.
532 4279 631 4329 'aarum
639 4296 681 4341 pr.
694 4295 757 4328 men.
769 4278 829 4329 AG.
914 4279 950 4314 U
967 4277 1077 4328 carena
1087 4276 1216 4328 secundum
1226 4275 1370 4354 amihil.

193 4297 377 4462 llfflmoessff
389 4347 418 4397 B.
571 4344 591 4378 ¹¹
609 4359 676 4394 ceree
688 4347 730 4407 (aa
743 4343 969 4458 piiliffloffi
977 4345 1077 4457 illim,
1091 4359 1115 4393 n.
1129 4343 1153 4408 9)
1166 4341 1263 4404 aac;
1281 4345 1328 4394 case
1342 4342 1372 4393 0.
