3242 5258
709 575 876 622 sonsum
895 576 1025 623 wrcn1r
1318 574 1393 628 [cu.
1408 570 1478 614 vsu.

456 749 514 809 nisi
528 751 708 829 suppositum
721 757 825 814 nature
837 754 974 816 increata.
1015 756 1087 816 Ideo
1106 759 1212 817 natura
1230 759 1395 832 assumpta
1417 769 1481 812 oon

459 858 504 912 ast
523 855 685 916 formaliter
706 877 829 934 persona
849 859 900 918 sed
922 861 1087 938 ydemptice
1109 862 1159 920 vel
1178 859 1358 939 ypostatico.
1407 857 1441 916 N
1441 875 1482 914 on

459 959 536 1016 enim
550 965 594 1019 est
606 961 767 1021 formaliter
785 962 928 1040 ypostasis
940 964 989 1024 vel
1008 965 1207 1037 subsistencia,
1223 966 1274 1024 sed
1293 960 1483 1024 substancia

246 1048 447 1146 ffifftssfflfhgfi}
459 1062 506 1120 rel
523 1063 617 1123 usion.
636 1062 641 1144 Ι
660 1065 729 1124 Ideo
749 1065 781 1124 in
802 1067 916 1126 Christo
936 1073 1006 1128 sunt
1023 1069 1185 1128 formaliter
1203 1074 1263 1128 tres
1283 1065 1478 1136 substancia,
1494 1065 1591 1133 [⁰⁷⁹⁸]

246 1149 396 1193 'mm
460 1165 610 1226 sedunica
636 1167 835 1243 subsistencia,
858 1171 910 1231 sed
932 1171 984 1231 ille
1009 1173 1066 1232 duc
1089 1177 1195 1233 nature
1217 1177 1313 1232 creata
1352 1169 1513 1230 iaciuntt

459 1288 548 1327 unam
572 1275 707 1330 naturam
728 1274 910 1349 completam,
932 1294 989 1352 qne
1012 1278 1057 1335 ast
1078 1276 1254 1348 humanitas,
1277 1295 1342 1334 non
1369 1277 1482 1333 antem

458 1391 619 1450 personam,
635 1395 701 1435 cum
721 1377 803 1436 deest
821 1380 1063 1456 complementum
1084 1400 1123 1440 ex
1144 1386 1226 1458 parte
1247 1399 1335 1439 cause
1359 1375 1479 1436 finalis.

247 1485 448 1531 ubomvuovono
460 1477 591 1538 Ulterius
603 1480 771 1540 conceditur
790 1482 869 1559 quod
888 1489 1090 1544 conversantes
1108 1504 1175 1543 eum
1195 1484 1310 1544 Christo
1331 1481 1480 1560 putando

247 1537 447 1687 Ξῖἕὲθῡῗίῗῖἕ
459 1601 526 1641 eum
548 1602 609 1642 esse
631 1582 755 1644 univoce
773 1605 925 1662 personam
948 1606 1013 1646 cum
1035 1587 1100 1646 aliis
1119 1563 1285 1647 hominibus
1304 1606 1346 1645 ex
1370 1585 1477 1660 ignor·

247 1638 447 1778 inicii-ff
459 1685 557 1745 rancia
574 1706 625 1746 sne
639 1687 803 1748 divinitatis
815 1687 1060 1771 ²[acceptarent],
1077 1691 1199 1750 univoce
1212 1711 1369 1770 personam
1386 1705 1478 1746 suam
1492 1685 1528 1740 10

247 1765 492 1884 ffifflfflin
513 1789 732 1850 testimonium¹
771 1792 842 1851 Ideo
862 1812 920 1852 non
939 1798 1036 1871 potest
1058 1794 1205 1854 iudicare²
1225 1794 1273 1854 vel
1297 1789 1477 1853 conversari

248 1887 414 1930 mmm·
461 1892 596 1966 civiliter,
627 1897 662 1954 ut
691 1900 773 1971 patet
801 1896 881 1968 alibi,
907 1898 958 1957 sed
987 1919 1072 1958 omne
1094 1899 1235 1958 indicium
1264 1919 1353 1958 sunm
1392 1899 1478 1956 foret

460 1996 609 2056 infinitum
628 1999 744 2058 maioris
760 2001 941 2060 auctoritatis
954 2021 1041 2080 quam
1055 2002 1196 2062 indicium
1215 2022 1335 2079 persone
1356 2005 1474 2060 create.

461 2099 502 2159 Et
514 2100 558 2159 ita
570 2102 688 2161 videtur
699 2103 735 2162 de
748 2104 827 2163 omni
840 2108 909 2164 actu
921 2107 1064 2183 personali
1083 2126 1170 2184 quem
1183 2107 1254 2166 fecit
1268 2106 1471 2165 humanitus:

461 2205 618 2265 auctoritas
644 2206 722 2266 enim
743 2209 930 2287 consequitur
954 2229 1105 2287 personam
1130 2211 1162 2270 in
1185 2210 1327 2286 dignitate
1350 2215 1385 2270 et
1408 2208 1521 2267 non15

460 2311 594 2368 naturam
618 2310 742 2370 accionis
764 2332 846 2389 pure.
887 2315 928 2374 nt
948 2319 1031 2391 patet
1053 2316 1131 2392 quod
1155 2314 1311 2391 desoripcio
1336 2331 1471 2391 per-sono

460 2409 574 2484 signata
590 2413 770 2473 convertitur
785 2436 850 2474 cum
869 2416 926 2476 ista
945 2417 1097 2477 racionalis
1112 2423 1217 2478 nature
1232 2416 1468 2476 incommunica-

459 2514 528 2573 bilis
556 2516 725 2576 existencia.
779 2519 1048 2582 Incommam'cals'lsb
1078 2522 1143 2582 dico
1174 2523 1269 2599 quoad
1298 2519 1465 2598 supposita,

459 2637 519 2677 non
538 2625 675 2695 naturas,
697 2627 727 2681 et
745 2622 788 2682 ita
808 2625 999 2686 subsistencia
1021 2631 1066 2686 est
1083 2626 1256 2686 contractior
1278 2645 1368 2704 qnam
1392 2624 1467 2684 sub·

460 2723 577 2796 stancia,
593 2729 629 2784 nt
649 2725 774 2786 sumitur
794 2728 831 2786 ad
851 2729 907 2788 hec
929 2729 995 2789 tria.
1036 2731 1085 2804 llt
1096 2729 1139 2790 ita
1159 2729 1287 2789 Trinitas
1307 2746 1465 2789 commune
1478 2729 1516 2786 20

459 2827 635 2904 principium
661 2833 692 2890 et
714 2850 863 2891 commune
889 2832 1086 2911 principatum
1113 2854 1170 2894 non
1194 2838 1238 2894 eet
1264 2853 1389 2910 persona
1413 2831 1466 2890 rel

460 2930 657 3004 subsistencia,
673 2933 725 2992 sed
746 2953 866 3010 persone
882 2935 930 2994 vel
950 2936 1147 2997 subsistencia.
1188 2937 1250 2996 lieo
1268 2941 1313 2996 est
1330 2936 1413 2994 color
1430 2933 1464 2992 in

460 3033 513 3092 illa
532 3035 762 3112 equivoeacione,
789 3038 867 3114 quod
889 3037 994 3098 (lisicia
1020 3045 1090 3099 sunt
1112 3039 1278 3100 substancia
1305 3037 1465 3099 racionalis

460 3141 574 3212 nature,
590 3139 641 3198 sed
656 3140 820 3199 substancia
839 3140 973 3200 restricta
993 3142 1031 3200 ad
1052 3143 1271 3202 subsistenciam
1295 3147 1340 3202 est
1359 3161 1462 3202 conso·
1619 3155 1620 3238 p

461 3261 554 3320 quens
582 3244 620 3302 ad
656 3262 739 3303 omne
766 3245 948 3321 suppositum
974 3246 1177 3306 substanciale.
1231 3245 1363 3306 Tales*³
1390 3249 1464 3306 sunt
1476 3241 1512 3298 25
1619 3249 1620 3276 l

460 3347 554 3407 multe
577 3347 693 3423 argncie
715 3348 821 3425 quibus
843 3348 1030 3428 decipiuntur
1049 3349 1170 3423 incauti,
1192 3351 1269 3412 facte
1294 3369 1347 3428 pro
1370 3349 1462 3410 stabi·

461 3451 560 3510 lienda
572 3451 706 3528 opinione
719 3451 858 3514 Nestorii.

249 3542 358 3636 ml?
377 3542 450 3596 ⁰¹³³*
501 3554 559 3614 sed
578 3559 619 3613 40.
637 3555 839 3634 principaliter
857 3557 991 3632 arguitur
1009 3563 1110 3618 contra
1127 3559 1350 3636 ydemptitatem
1369 3555 1462 3636 speci·

249 3643 450 3785 mllio&
461 3657 545 3716 ticam
555 3658 665 3718 Christi
678 3679 745 3719 cnm
758 3660 824 3719 aliis
836 3680 875 3720 ex
894 3667 977 3738 parte
997 3661 1127 3722 materie.
1169 3663 1245 3721 Nem
1265 3681 1362 3721 semen
1381 3660 1462 3722 deei-

241 3745 299 3840 22,
311 3744 406 3836 Q„
427 3795 451 3836 ,f
462 3762 578 3822 sumta
599 3763 721 3823 divorsis
744 3766 873 3824 sexubus
894 3769 925 3824 et
945 3765 1135 3826 commixtum
1154 3771 1200 3825 est
1217 3765 1339 3826 alterius
1354 3763 1461 3843 speciei
1474 3765 1508 3822 80
1618 3755 1619 3786 ³

248 3846 289 3936 {ii}
299 3844 451 3936 Μ”,ἱξῖζῗξ
462 3885 550 3943 qnam
564 3865 687 3944 simplex
700 3887 797 3927 semen
811 3887 899 3928 sexus
910 3867 1049 3930 feminei:
1071 3870 1141 3929 ‘sed
1154 3870 1287 3930 Christus
1306 3875 1461 3948 conceptus

311 3957 350 4038 ,Μ
392 3957 450 3988 “”“
463 3973 508 4028 set
532 3989 605 4046 pure
631 3989 670 4030 ex
697 3971 805 4030 semina
832 3991 920 4032 sexus
941 3972 1084 4046 feminei,⁵
1107 3993 1205 4034 omnes
1227 3978 1326 4034 autem
1347 3973 1398 4033 alii
1421 3991 1460 4034 ex

462 4072 627 4134 commixtis
646 4074 805 4135 seminibus
823 4076 911 4136 maris
928 4080 959 4137 et
974 4076 1113 4138 feminei:
1136 4098 1203 4155 ergo
1216 4078 1337 4138 mauris
1350 4098 1388 4138 ex
1402 4097 1461 4156 qna

283 4210 319 4248 ¹-¹
336 4215 400 4263 codd.
412 4215 581 4267 Annam
592 4219 627 4266 rei
639 4219 775 4268 liturarum
786 4220 913 4284 retituet:
928 4222 977 4270 eoa.
991 4219 1010 4271 0
1022 4223 1099 4270 omneb
1112 4229 1168 4284 put
1178 4223 1271 4273 certum
1284 4221 1419 4272 divinitatis
1429 4221 1462 4272 ed

247 4277 411 4329 Menenium
422 4285 472 4331 risu
483 4284 568 4332 locum
578 4285 674 4332 omittis.
686 4286 837 4349 acceptarent
849 4285 890 4350 (rs.
900 4301 926 4348 ρ.
939 4287 991 4343 135,
1006 4287 1022 4336 1.
1039 4287 1079 4352 12)
1094 4303 1140 4350 pro
1150 4296 1211 4338 certo
1221 4289 1374 4350 supplendam
1384 4297 1426 4336 m.

280 4341 291 4374 ¹
307 4341 413 4395 indicare
424 4345 452 4396 0.
559 4382 564 4390 .
692 4347 728 4383 ¹³
743 4351 796 4398 cide
805 4365 886 4414 supra,
893 4365 921 4412 p.
937 4353 990 4410 13⁴,
1003 4367 1027 4400 a.
1040 4353 1062 4401 8.
1275 4351 1285 4385 ¹
1301 4351 1385 4402 neonis
1397 4351 1425 4404 c.

280 4406 319 4444 Ἀ
335 4407 703 4463 sad...lemiuaiom.lli0.
