3230 5200
242 574 307 640 210
689 599 854 644 :cunnum
876 598 1004 643 wrcurr
1322 591 1462 644 [cn-¹11·

456 775 567 848 tivum
589 780 628 849 et,
645 796 711 837 eum
732 797 832 852 genus,
849 776 967 854 species,
983 781 1014 837 et
1033 775 1202 836 diffemneic
1222 774 1281 834 sint
1300 773 1464 851 plurimum

243 872 448 968 {lgfflergffi
458 881 590 957 positive,
604 885 687 958 petet
700 881 777 958 quod
790 901 849 940 nen
862 901 901 940 ex
914 881 1112 958 aecumpeione
1133 885 1246 958 oportet
1264 881 1331 938 illne
1348 879 1463 938 exstin-
1602 883 1603 964 l

244 973 446 1067 ffifflfflm'
459 1007 564 1063 guere3
587 990 618 1046 et
635 1006 702 1046 eum
718 1005 778 1045 non
796 986 835 1045 eit
854 1005 946 1061 genue
964 985 996 1043 in
1016 991 1084 1045 actu
1102 985 1161 1044 nisi
1178 985 1286 1043 hebeat
1303 983 1412 1060 epeeiee
1429 985 1464 1040 et

458 1091 512 1150 illc
534 1089 690 1168 supposita,
714 1110 771 1168 que
798 1089 946 1166 specifice¹
975 1089 1202 1164 distinguentur,
1224 1092 1307 1165 petet
1327 1106 1366 1145 ex
1392 1105 1464 1145 coen

458 1193 589 1272 possibili
606 1193 667 1252 illie
686 1214 758 1271 quoe
777 1193 927 1271 clloqucr¹
939 1193 975 1252 de
993 1193 1071 1252 fecto
1089 1193 1200 1269 poeit03
1221 1209 1399 1268 consequeus
1417 1193 1496 1248 este
1602 1233 1603 1272 ἕ

458 1298 537 1375 quod
562 1298 622 1357 eint
646 1299 741 1356 multe
766 1297 919 1356 individue
939 1296 1097 1356 'distinete
1123 1296 1273 1373 epeeifice;
1307 1313 1367 1353 nen
1393 1313 1465 1369 ergo
1602 1273 1603 1310 ¹

459 1421 543 1462 omne
571 1402 785 1462 individuum³
809 1403 846 1461 de
873 1421 978 1478 genere
1004 1401 1171 1460 vivencium
1196 1401 1274 1459 leret
1300 1399 1463 1472 Chrietue3
1602 1377 1603 1462 l

459 1507 596 1567 maiorem
610 1506 687 1565 enim
699 1505 917 1565 distineciouem
930 1509 1044 1583 oportet
1058 1524 1118 1564 esee
1136 1503 1298 1563 individuis
1321 1521 1411 1580 quem
1429 1501 1465 1560 in

459 1610 561 1670 formis
578 1610 788 1680 communibus,
804 1630 870 1669 cum
883 1611 980 1669 omnic
995 1610 1135 1670 inferiore
1151 1610 1184 1668 in
1204 1608 1265 1668 euin
1283 1608 1466 1667 commuuio·
1602 1603 1603 1664 l

459 1714 541 1774 ribus
560 1713 712 1773 uniuntur.
754 1713 816 1772 Nec
835 1717 933 1791 potest
949 1713 1008 1774 dici
1021 1714 1100 1791 qued
1111 1718 1210 1773 menet
1223 1731 1315 1788 genus
1329 1712 1466 1770 animulis
1482 1705 1516 1757 1⁰
1602 1743 1603 1750 κ

459 1838 526 1878 cum
544 1818 603 1877 suis
623 1817 755 1877 divisivis
775 1817 951 1877 differeueiie
970 1817 1046 1878 sieut
1064 1817 1156 1895 prius,
1174 1837 1241 1876 cum
1259 1817 1467 1876 indifferenter

459 1921 552 1982 omnic
571 1922 656 1980 home
676 1921 716 1980 eil
735 1921 842 1993 ceiuue,
858 1921 912 1994 leo,
929 1941 1023 1999 capra,
1039 1926 1070 1981 et
1090 1921 1130 1980 sic
1147 1922 1183 1980 de
1197 1919 1272 1992 aliie,
1290 1920 1315 1979 ei
1330 1921 1466 1980 Christus

459 2045 519 2084 non
549 2025 588 2085 eil
619 2025 713 2084 multa
743 2025 880 2084 enimelia
910 2025 1025 2084 racione
1055 2026 1214 2085 mulierum
1245 2024 1465 2083 animalitatum

450 2128 620 2206 .ypcetatice
640 2128 868 2187 coniuncturum.
916 2129 977 2188 Ubi
996 2147 1063 2203 ergo
1081 2128 1159 2188 leret
1177 2147 1270 2203 geuue
1289 2128 1465 2187 distinctum

460 2253 478 2292 c
498 2233 591 2309 specie
611 2232 659 2291 vel
678 2232 830 2291 individuo
850 2232 1009 2291 secuudum
1028 2231 1319 2304 communioritntcm,
1342 2232 1368 2290 ei
1386 2232 1464 2290 idem
1481 2230 1515 2283 1⁵

459 2335 644 2395 individuum
658 2335 815 2396 cuiuslibet
832 2337 946 2412 generis
965 2337 1099 2396 cnimnlie
1116 2337 1155 2396 eit
1170 2355 1321 2395 commune
1340 2336 1465 2395 cuilibet

459 2439 601 2499 animali?
639 2439 699 2498 Ubi
715 2440 806 2499 eciem
823 2441 914 2499 tuuc⁴
929 2439 1006 2500 foret
1019 2444 1024 2514 1
1039 2440 1207 2499 differeneia
1223 2440 1302 2499 iuter
1316 2440 1461 2499 reeionnle
1477 2437 1510 2505 [Α
1518 2437 1603 2503 102⁸]

459 2546 490 2603 et
512 2543 700 2616 irraciouele,¹
715 2544 841 2603 rudibile
864 2547 895 2603 et
915 2543 1087 2604 huudibile'
1110 2549 1140 2604 ei
1163 2544 1205 2603 iic
1224 2545 1261 2604 de
1279 2545 1413 2618 ‘celer-ie,
1437 2544 1464 2602 ni

460 2665 543 2706 omne
567 2646 675 2705 nnimel
697 2647 840 2706 raeicncle
868 2647 908 2707 sit
930 2649 1038 2707 animal
1064 2649 1241 2722 irracionele,
1270 2647 1397 2707 rudibile
1425 2648 1465 2706 eit

459 2751 620 2820 irrudibile,
637 2754 667 2810 et
684 2751 726 2810 ita
742 2752 798 2810 de‘
815 2752 948 2811 omuibus
966 2753 1049 2811 eliie⁷
1066 2751 1241 2811 differentiis
1261 2751 1465 2826 assignandis?
1478 2745 1516 2798 20

460 2857 567 2914 Omnes
589 2874 657 2930 erge
676 2855 796 2915 termini
818 2876 871 2933 per
891 2875 920 2914 ee
940 2856 972 2914 iu
991 2856 1205 2933 predicamento
1225 2854 1389 2914 eubetcucie
1409 2875 1465 2914 nec

459 2959 677 3036 predicereutur
695 2959 727 3018 in
747 2959 828 3036 quid,
845 2977 900 3018 nec
922 2960 958 3018 de
979 2961 1066 3018 rebus
1084 2959 1231 3018 distinctis
1249 2959 1381 3036 specifice
1396 2979 1465 3018 eum

460 3082 544 3122 omne
558 3063 665 3122 enimcl
679 3062 718 3122 sit
731 3082 815 3121 omne
834 3063 951 3136 animal,
967 3083 1020 3122 nee
1037 3063 1130 3122 forma
1149 3063 1248 3140 alique
1261 3067 1305 3122 eet
1319 3063 1466 3121 sufficiens

460 3166 588 3226 medium
609 3166 810 3242 distinguendi
833 3185 924 3225 unum
946 3167 1127 3243 suppositum
1147 3167 1195 3226 rel
1215 3166 1404 3226 naturaliter
1428 3167 1465 3225 eb

461 3271 552 3330 altero
575 3290 608 3330 ec
632 3271 711 3348 quod
732 3271 841 3347 speeies
860 3271 1005 3347 permixte
1026 3271 1062 3330 de
1087 3291 1117 3330 ee
1135 3276 1239 3330 mutuo
1258 3271 1463 3347 predicentur3
1478 3273 1516 3327 25

462 3379 492 3433 et
505 3377 587 3433 'cum
600 3378 661 3433 tem
675 3374 784 3450 species
793 3375 946 3434 differeut⁹
957 3394 1043 3452 quem
1053 3375 1206 3434 individua
1218 3373 1334 3451 speciei,
1346 3374 1467 3434 videtur

462 3478 540 3553 qued
559 3477 785 3555 ydemptificctie
805 3478 954 3554 speciebus
973 3478 1125 3538 individua
1147 3478 1359 3556 ydemptillceri
1380 3483 1465 3554 pote-

462 3585 542 3641 runt.
590 3582 654 3643 Nec
677 3584 757 3642 velet
782 3583 878 3642 diecre
904 3583 982 3661 quod
1009 3603 1047 3642 ex
1073 3582 1270 3659 eesumpcicne
1297 3581 1466 3641 huiusmodi

463 3686 572 3761 epeciee
595 3691 827 3763 corrumpuntur,
853 3687 924 3765 quin
947 3688 1040 3746 omnic
1066 3685 1183 3763 speeies,
1209 3705 1267 3763 qne
1293 3685 1376 3762 prius
1393 3686 1462 3758 init,

462 3791 552 3848 hebet
572 3809 685 3849 omnem
706 3791 882 3865 singularem
903 3791 1067 3863 escendam,
1083 3809 1172 3868 quem
1191 3790 1272 3866 prius
1291 3789 1411 3861 hebuit3
1434 3795 1465 3849 et
1479 3787 1517 3840 3⁰

462 3892 592 3951 Verbum
618 3895 725 3952 nedum
749 3899 794 3954 est
815 3894 996 3972 suppositum
1021 3894 1147 3953 hominis
1168 3894 1218 3952 sed
1244 3893 1335 3963 bovis,
1359 3892 1462 3965 leonis,

464 3999 495 4055 et
521 3996 677 4056 cuiuslibet
700 3998 842 4058 cnimclie.
884 3999 957 4058 Cum
984 4017 1052 4073 ergo
1078 3997 1185 4057 sufficit
1210 3997 1248 4056 ed
1274 3997 1464 4057 exieteucinm

294 4233 552 4333 :epeciflmleABDQ
650 4235 809 4303 ²alloquitur
820 4238 850 4289 0.
949 4236 1117 4335 :jndietincte
1130 4274 1136 4288 .
1151 4274 1157 4287 .
1172 4235 1341 4286 ‚individuum
1355 4253 1401 4288 om.
1415 4236 1445 4286 0.

294 4299 685 4417 ε

292 4429 522 4482 'nnmmnlrterll
942 4429 1389 4499 0-20umspeeieplmd1rermt0.
