3234 5218
697 557 865 604 somme
887 556 1014 602 WYCLIF
1323 547 1390 602 [Gir.
1399 545 1445 594 m.

436 735 547 809 loriter,
569 735 667 795 irroret
689 739 866 807 recreatum
896 735 951 794 ut¹
967 753 1019 811 per
1039 735 1156 793 tentum
1178 737 1295 810 tempus
1318 729 1446 790 olorere¹

437 843 534 916 posset
552 839 661 898 veritos
677 841 708 897 et
726 837 862 898 exoludi⁸
880 837 988 897 fiotieie
1005 837 1106 896 mortis
1122 835 1230 897 Ohrsti.
1269 832 1446 894 Resurrexit

437 946 546 1015 eutem,
562 945 597 1002 ut
611 941 789 1001 confortaret
806 940 956 1001 ecelesiam
972 942 1009 1001 de
1026 941 1084 1000 fide
1099 938 1320 1000 resurreoeionis
1332 937 1443 1010 future,
1602 992 1606 1023 ι

266 1049 579 1122 tcu.xv.1e.utpetet
601 1046 638 1105 od
663 1045 727 1105 (lor.
754 1047 827 1120 15⁴3
849 1048 881 1105 et
900 1055 936 1105 ut
961 1045 1137 1122 ‘primatum
1159 1042 1277 1104 teneot’
1301 1045 1338 1102 ut
1358 1042 1446 1101 obbas
1603 1038 1607 1113 ξ

438 1149 548 1208 ordinis
581 1147 739 1208 christiani
768 1147 947 1224 operiendo⁵
979 1147 1111 1225 patribus
1140 1146 1283 1223 eomplete
1313 1143 1476 1222 purgetisfi

437 1252 555 1311 ienuam
579 1251 747 1310 eternalem.
796 1251 925 1327 Tempus
947 1255 1047 1310 eutem
1066 1250 1218 1310 eontinens
1237 1268 1345 1326 purum
1369 1247 1446 1308 inte-

438 1374 523 1430 grum
541 1355 619 1414 diem
637 1359 668 1414 et
686 1354 760 1413 duos
781 1354 953 1414 seminootes
979 1354 1123 1429 signifieat
1144 1353 1223 1430 quod
1246 1350 1351 1428 simple
1368 1370 1446 1409 mors

439 1458 572 1531 Christi¹
604 1478 661 1535 que
695 1457 879 1532 integraliter
905 1457 965 1518 tuit
990 1458 1090 1517 lueida
1122 1455 1380 1535 proporoionuliter
1408 1453 1446 1513 ed

438 1562 540 1634 vitem,
559 1561 617 1620 luit
637 1561 765 1620 medium
787 1561 931 1620 sufficiens
954 1561 992 1620 ed
1013 1565 1141 1620 nostram
1161 1559 1307 1637 duplicem
1322 1561 1446 1618 mortem
1611 1641 1612 1644 Ἴ

223 1685 271 1727 nu
295 1666 638 1742 neomesemiplenem.
693 1664 813 1723 Tereiue
847 1668 934 1723 vero¹
960 1665 1020 1724 tuit
1045 1665 1218 1724 descensus¹
1248 1661 1374 1739 eorporis
1412 1661 1444 1720 in
1460 1671 1499 1726 10
1613 1707 1614 1732 ι

225 1735 369 1835 ‘'ex-iili
381 1735 427 1775 ιω
440 1770 615 1845 sepulchro,’
628 1769 680 1845 qui
694 1769 802 1827 nedum
823 1768 950 1827 ostendit
970 1788 1074 1845 eorpus
1092 1787 1161 1827 rere
1180 1771 1328 1827 mortuum
1348 1765 1446 1824 enims
1613 1747 1614 1774 l

439 1874 475 1932 ob
489 1891 523 1931 eo
534 1874 554 1906 ¹⁰
568 1873 712 1947 elongato,
724 1873 774 1931 sed
786 1891 839 1948 per
853 1873 949 1930 omnio
962 1871 1058 1932 foetus
1070 1871 1154 1932 nobis
1168 1869 1325 1930 consimilis
1338 1869 1445 1928 seneti-

438 1975 538 2034 fioevit
552 1976 754 2034 subterraneos
766 1975 881 2052 requies
894 1977 1080 2035 beendorum.

224 2085 253 2126 ⁸0
261 2083 356 2126 ¹¹¹011w
365 2082 427 2124 stre«
478 2080 518 2137 nt
531 2079 786 2154 correspondentes
797 2083 858 2138 tres
867 2079 1009 2138 maneries
1018 2078 1169 2138 hominnm
1183 2077 1300 2155 eripuit,
1312 2081 1343 2137 et
1354 2079 1415 2136 tres
1425 2077 1445 2112 ¹¹

224 2135 290 2224 iifl.
310 2134 348 2223 'll
373 2145 559 2242 iilumisie.
594 2181 736 2241 Extrexit
749 2183 836 2255 enim,
854 2182 936 2259 qussi
950 2182 1082 2241 mordens
1095 2181 1251 2256 infernum,
1266 2180 1445 2258 petriorohao
1460 2182 1497 2237 le

224 2233 352 2325 ffilwll'm
382 2235 426 2274 du.
438 2284 594 2361 prophetes
608 2293 638 2342 et
651 2285 753 2343 fideles
766 2284 847 2357 ulios,
860 2305 983 2363 quorum
997 2289 1115 2361 peceato
1128 2289 1197 2344 sunt
1210 2285 1295 2362 plene
1309 2288 1443 2360 purgate,

437 2386 550 2446 relictis
563 2387 724 2463 purgandis
737 2387 769 2445 in
782 2388 951 2464 purgatorio
965 2392 995 2447 et
1007 2388 1172 2465 dampnatis
1184 2388 1216 2447 in
1229 2387 1343 2446 inferno
1354 2408 1362 2461 ;
1384 2387 1445 2446 sive

439 2490 498 2549 sint
520 2489 649 2549 infantes
674 2491 741 2548 solis
763 2491 962 2566 originalibus,
979 2491 1005 2551 oi
1024 2491 1064 2552 sit
1079 2491 1223 2568 possibile,
1238 2490 1364 2564 irretiti;
1384 2489 1445 2549 sive

439 2593 534 2653 adulti
547 2593 674 2669 peooetis
688 2594 851 2653 ootrmlibus
863 2594 1010 2654 moeuleti.

479 2697 537 2755 Sed
547 2695 679 2773 3⁰.post{
691 2695 836 2773 privatam
845 2697 1068 2756 instrnooionem
1078 2696 1272 2774 apostolorum
1283 2700 1321 2754 40
1331 2695 1443 2770 diebus,
1457 2699 1490 2766 [0
1500 2700 1565 2767 ιιι]

224 2807 289 2850 noer
311 2807 350 2849 th·
369 2807 428 2859 reny
439 2803 474 2859 ut
497 2803 579 2876 potet
601 2802 732 2859 Aotuum
759 2797 801 2871 1⁰,
825 2801 955 2860 aseendit
976 2799 1099 2875 glorioso
1118 2800 1151 2859 in
1170 2800 1265 2859 oelum
1287 2800 1445 2859 seeundum

224 2857 594 2979 ii'tiddii‘m‘dutmmquo
617 2907 753 2962 naturam
773 2922 884 2962 summe
904 2904 1015 2977 beatus,
1036 2904 1145 2963 ducens
1171 2922 1269 2963 seeum
1291 2923 1446 2963 nnmerum

438 3005 634 3065 insensibilem
649 3025 701 3065 ouo
714 3011 843 3083 tempore
863 3007 1062 3083 captivorum
1083 3012 1114 3067 et
1133 3006 1174 3066 sio
1193 3007 1319 3067 tenendo
1338 3007 1445 3084 primo·

439 3115 504 3168 tum
522 3108 717 3185 multiplicem
732 3109 811 3169 inter
823 3109 919 3168 omnio
933 3109 1082 3186 supposito
1094 3109 1217 3169 humeni
1230 3109 1352 3185 generis,
1368 3110 1446 3171 siout

439 3217 484 3272 est
506 3212 586 3290 prior
607 3212 656 3270 vel
678 3214 767 3271 ebbae
788 3212 868 3270 omni
892 3211 1054 3287 dignitate:
1084 3212 1171 3272 iuxta
1191 3212 1268 3272 illud
1290 3213 1443 3290 Baptiste=
1458 3226 1496 3280 25

300 3333 428 3380 somnae.
442 3316 514 3393 ‘qui
527 3319 593 3392 post
606 3335 653 3376 me
666 3316 748 3374 venit
762 3319 830 3374 ente
848 3335 895 3374 me
905 3317 924 3350 ¹¹
944 3316 1040 3374 foetus
1059 3315 1123 3384 est’
1138 3315 1204 3374 Iob.
1222 3315 1265 3375 1⁰.
1280 3315 1321 3376 sio
1341 3316 1446 3378 habuit

326 3446 341 3476 u
438 3420 597 3497 primatum
624 3418 850 3493 resurgendum,
879 3421 910 3477 et
935 3418 1047 3478 virtuto
1074 3419 1121 3478 sui
1147 3419 1237 3479 solius
1263 3420 1446 3480 ascendentis

344 3515 351 3537 '
439 3523 536 3582 omnia
550 3541 656 3598 genere
669 3521 819 3580 hominum
840 3521 877 3581 ed
898 3540 928 3579 se
947 3521 1120 3582 trahentis¹¹
1140 3523 1200 3583 fuit
1218 3524 1330 3600 primus
1350 3525 1446 3584 oelum

437 3626 626 3686 intrenoium.
668 3625 762 3684 Nemo
775 3624 853 3684 enim
869 3624 1004 3684 ιιιιίὶιιὶι11
1018 3644 1070 3684 suo
1084 3625 1205 3703 imperio
1219 3631 1317 3703 portes
1329 3628 1446 3688 huius¹⁸

361 3765 363 3768 -
438 3728 581 3804 operire¹⁸
606 3727 664 3786 nisi
691 3728 771 3787 filius
799 3727 961 3799 ”hominis
991 3728 1044 3806 qui
1074 3735 1162 3788 notus
1188 3729 1335 3790 hostiariis
1361 3731 1496 3808 priusao

436 3830 654 3890 descenderet.¹¹
704 3830 745 3890 Et
769 3830 809 3890 sio
832 3830 953 3890 indubie
975 3831 1052 3891 siout
1077 3832 1263 3892 illuminarit
1287 3832 1358 3892 istas
1385 3841 1445 3895 tres

269 3992 278 4026 ¹
295 3995 353 4043 stA
366 3991 386 4044 B
399 3993 418 4044 0
432 3993 460 4047 0.
698 3996 710 4029 ¹
726 3996 790 4048 olore
800 3998 883 4060 A,pr.
896 4015 976 4048 manso
988 3998 1236 4051 clarendonam.
1250 4017 1331 4050 ιιιιιιιιι.
1344 3999 1365 4050 Β
1378 4000 1397 4052 0
1410 4000 1442 4053 0.

268 4057 405 4108 ¹oonoludi
417 4060 446 4111 0.
697 4061 857 4111 ⁴sdoorum.
869 4063 903 4112 ³⁰.
918 4062 947 4112 Ο.
1228 4065 1400 4131 'opperiendo
1411 4069 1442 4118 A.

268 4123 279 4156 ⁸
294 4137 358 4173 mors
369 4123 460 4174 Christi
470 4125 556 4190 simple
568 4123 605 4184 B;
624 4124 817 4191 simplem—oris
830 4129 883 4192 (oio)
897 4126 993 4177 Christo
1005 4126 1034 4177 0.
1067 4128 1078 4161 ¹
1096 4127 1180 4178 Tertio
1190 4143 1240 4180 ιιοιι
1249 4129 1285 4190 03
1300 4130 1334 4180 3⁰.
1345 4145 1402 4179 vero
1412 4133 1442 4180 0.

268 4185 409 4237 'doeemus
420 4188 450 4238 0.
501 4189 642 4255 ’sepuloris
652 4189 714 4240 AB.
758 4191 778 4224 ¹⁰
795 4190 865 4240 odeo
877 4192 907 4242 Ο.
958 4193 976 4225 ¹¹
994 4197 1019 4241 et
1029 4197 1078 4242 tres
1088 4211 1132 4243 om.
1146 4194 1176 4244 Ο.
1229 4193 1250 4226 ¹¹
1266 4194 1333 4260 prior
1342 4197 1397 4244 add.
1411 4195 1440 4248 C.

257 4249 278 4283 ¹⁸
293 4252 416 4303 trahentes
428 4252 459 4303 0.
574 4253 594 4286 ¹⁴
610 4253 707 4304 suffecit
717 4257 742 4304 A
753 4255 809 4305 Bc.
920 4255 940 4288 ¹⁸
956 4256 1092 4307 huiusmodi
1105 4259 1134 4306 B.
1227 4257 1248 4292 ¹¹
1264 4259 1403 4324 opperireA
1412 4259 1442 4312 0.

258 4314 316 4351 ¹¹-¹¹
333 4315 438 4366 hominis
454 4317 583 4367 hostiarius
598 4319 665 4384 prius
680 4318 833 4371 desoenderet
849 4320 900 4371 AB
910 4319 929 4372 G
940 4336 947 4382 ς
966 4321 1070 4373 hominis
1090 4323 1132 4388 qni
1151 4323 1214 4374 notis
1234 4323 1355 4374 bondonis
1374 4324 1443 4390 prius

224 4377 378 4430 deseenderot
389 4381 409 4432 0
418 4397 426 4442 ;
443 4381 573 4432 hostiarius
579 4400 626 4446 pro
638 4383 759 4434 ostiarium
