3230 5200
698 583 865 630 IOHANNIS
887 585 1014 632 wicus
1348 585 1413 638 [Cn.
1424 583 1467 626 11.

467 759 595 820 duxisse.
635 761 759 838 Assigno
772 765 864 825 totam
877 763 1098 824 multitudinem
1110 765 1264 825 hominum
1283 785 1301 824 a
1320 763 1383 824 Deo
1402 783 1470 842 pm-
1505 807 1510 814 .

467 862 657 921 duoibilium¹
671 865 765 941 quoad
782 865 966 926 intellectum
985 867 1128 941 divinum,
1144 873 1176 928 ot
1194 870 1289 946 pono'
1309 867 1388 945 quod
1406 871 1472 926 tota

467 965 595 1026 Trinitas
614 968 777 1044 quamlibet
794 969 885 1028 talem
903 973 1038 1030 naturam
1054 977 1183 1032 assumat
1196 972 1377 1050 ypostatieo3
1397 975 1473 1030 tune

467 1073 549 1146 petet
574 1072 653 1148 quod
681 1075 787 1132 natura
812 1073 912 1134 divina
937 1075 1011 1135 iaoit
1035 1076 1211 1150 trinitatem,
1239 1081 1301 1136 tres
1326 1075 1470 1148 homines,

468 1193 541 1250 quos
560 1179 674 1251 oportet
694 1176 734 1237 sio
754 1176 907 1254 opinantes
925 1179 1021 1239 dicere
1041 1184 1156 1240 eternos
1174 1180 1316 1252 homines,
1333 1198 1400 1239 oum
1413 1189 1506 1242 nond

467 1279 595 1338 habeant
620 1279 806 1340 limitandum
832 1284 989 1360 peryodum
1021 1285 1219 1361 temporalem.
1273 1285 1315 1345 Et
1346 1283 1475 1343 secunda

468 1401 536 1460 pars
562 1383 653 1459 gretie
679 1385 847 1446 oonoeditur
876 1406 943 1446 oum
972 1387 1075 1448 dieunt
1107 1389 1255 1448 hominem
1281 1389 1381 1447 Iesum
1414 1407 1475 1446 non

469 1506 551 1564 posse
564 1487 637 1547 fieri.
656 1486 662 1568 Ι
679 1489 719 1548 Et
731 1489 821 1549 tercia
833 1491 918 1566 paus³
931 1495 1014 1568 patet
1026 1511 1064 1550 ex
1077 1493 1131 1551 hoo
1145 1493 1224 1569 quod
1235 1497 1297 1552 tam
1309 1491 1475 1569 perlectum
1488 1495 1576 1564 [cm]

471 1595 516 1650 est
539 1610 630 1665 genus
653 1591 729 1652 siout
751 1592 871 1671 aliquod
893 1592 1080 1653 individuum
1101 1595 1225 1672 speeiei;
1251 1596 1300 1654 et⁴
1322 1595 1475 1653 inlinitum

470 1695 618 1771 perlectus
643 1700 688 1755 est
714 1696 807 1756 omnis
834 1697 919 1756 homo
946 1697 979 1756 in
999 1717 1067 1758 casu
1088 1699 1201 1775 posit03
1231 1718 1300 1774 ergo
1322 1697 1475 1757 infinitum
1490 1696 1525 1751 10

471 1798 633 1874 perfeetum
660 1818 751 1873 genus
776 1800 951 1877 hominum
986 1821 1064 1879 ymo,
1093 1802 1118 1860 si
1145 1801 1352 1874 oonsideretur,
1379 1802 1477 1860 omnis

472 1901 557 1960 homo
579 1902 657 1962 ieret
683 1903 833 1963 infinitum
859 1904 1008 1981 perfectus
1028 1906 1207 1979 humanitus,
1231 1905 1301 1982 quia
1327 1905 1477 1964 infinitam

471 2004 630 2081 perfectam
656 2006 875 2066 multitudinem
901 2013 962 2068 mm
988 2009 1174 2068 animamm'
1201 2028 1288 2087 quern
1322 2027 1477 2085 corporum

472 2113 613 2187 tauquam
633 2113 730 2186 partes
751 2111 881 2188 proprias
904 2112 1083 2184 contineret;
1104 2132 1172 2189 orgo
1195 2113 1346 2173 infinitum
1363 2111 1477 2190 perleu-

473 2215 522 2272 tus
541 2213 711 2273 humanitus
730 2215 806 2274 foret
825 2215 1030 2288 omnishomo,
1053 2216 1123 2293 quia
1146 2217 1295 2276 infinitum
1314 2215 1479 2293 perfeeoior
1492 2219 1526 2273 15

474 2335 563 2394 quam
580 2317 649 2376 data
664 2318 760 2376 anima
773 2320 822 2378 rel
837 2339 940 2396 eorpus
955 2320 1091 2395 finitum;
1111 2325 1193 2398 patet
1210 2320 1310 2398 itaque
1323 2319 1402 2397 quod
1416 2339 1476 2378 non

475 2425 608 2485 meliores
627 2426 776 2486 homines⁶
796 2428 845 2487 vel
864 2427 956 2503 magis
976 2426 1118 2503 graoiosos
1136 2426 1204 2503 plus
1225 2424 1322 2484 Deum
1343 2428 1478 2483 amantes

476 2530 655 2589 oonoorditer
667 2532 719 2589 aut
732 2531 799 2607 plus
817 2532 916 2591 beatos
934 2531 966 2589 in
983 2550 1101 2607 eorpora
1119 2533 1150 2589 et
1168 2528 1264 2588 anima
1283 2528 1400 2587 omnino
1421 2529 1479 2587 im·

476 2633 637 2710 peooabiles
667 2637 697 2694 et
729 2633 966 2711 imperleotibiles
988 2633 1176 2711 perieooiores
1201 2631 1364 2692 omnimode
1386 2651 1477 2709 qnam
1603 2649 1604 2733 1

476 2737 584 2815 poterit
596 2757 658 2797 esse
671 2738 770 2815 aliqua
783 2741 924 2798 ereatura.
965 2739 1005 2798 Et
1017 2737 1123 2797 ultima
1139 2735 1283 2814 particula
1301 2739 1384 2812 patet
1401 2736 1474 2809 illis,
1490 2741 1527 2796 20
1603 2759 1604 2822 1

477 2841 529 2918 qui
553 2846 667 2919 ponunt
693 2847 827 2901 naturam
849 2847 1026 2919 assumptam
1052 2859 1114 2900 esee
1141 2839 1297 2899 hominem.
1350 2837 1478 2897 Namsi

476 2944 557 3004 Deus
579 2965 637 3004 non
663 2949 759 3022 potest
785 2965 929 3017 assumere
952 2943 1103 3004 materiam
1129 2943 1253 3021 primam
1278 2942 1327 3001 vel
1351 2941 1478 3001 formam

475 3048 656 3108 materialem
678 3049 710 3109 in
731 3048 876 3109 unitatem
898 3048 1041 3126 suppositi
1063 3047 1121 3106 nisi
1143 3045 1425 3125 ydemptifioarerit'
1447 3065 1478 3106 se

476 3152 523 3212 illi
543 3156 705 3224 natureae
730 3153 808 3229 quod
827 3171 886 3211 non
905 3155 950 3211 est
970 3151 1083 3229 aliquid
1102 3151 1184 3210 euius
1204 3149 1267 3226 ipsa
1286 3153 1331 3208 est
1350 3153 1478 3222 natura3

476 3257 619 3334 peridem
636 3277 694 3316 non
714 3261 811 3334 potest
830 3257 919 3316 aliam
937 3259 1072 3316 naturam
1091 3273 1235 3315 maumere
1254 3254 1312 3312 nisi
1330 3255 1477 3332 ydempti-
1491 3255 1527 3308 25

476 3360 608 3420 fioaverit
621 3381 651 3420 se
665 3360 767 3432 eidem,
783 3379 849 3420 oum
867 3359 1068 3420 indifferenter
1087 3358 1243 3419 cuiuslibet
1260 3361 1363 3417 nature
1381 3363 1478 3417 create

477 3451 671 3541 quiditaesit
695 3468 809 3524 natura.
852 3464 909 3524 Sed
934 3464 1021 3524 iuxta
1046 3461 1222 3524 sententiam
1248 3463 1341 3522 sancti
1366 3461 1477 3522 Thema

476 3570 601 3643 ponent⁸
614 3567 744 3627 Verbum
761 3587 844 3645 posse
864 3587 925 3627 esse
945 3567 1052 3626 multos
1071 3567 1202 3626 homines
1221 3585 1275 3643 per
1289 3565 1386 3624 idem:
1408 3585 1478 3624 nam

475 3669 586 3731 infiniti
609 3671 741 3730 homines
759 3676 881 3749 possunt
899 3690 961 3730 esse
980 3671 1031 3730 isti
1050 3675 1109 3730 tres
1127 3670 1267 3742 homines,
1289 3673 1321 3729 et
1338 3689 1391 3747 per
1410 3689 1479 3729 oon·

476 3794 600 3852 sequens
614 3794 673 3834 uon
690 3775 789 3851 plures
808 3775 874 3834 iotis
891 3775 986 3835 tribus
1004 3775 1171 3835 hominibus
1189 3777 1311 3852 possunt
1329 3794 1401 3833 esse.
1443 3773 1477 3832 3ο
1491 3789 1529 3846 30

476 3880 665 3938 confirmatur
674 3898 712 3938 ex
721 3881 775 3939 hoo
786 3880 864 3958 quod
876 3898 954 3939 unus
966 3879 1084 3938 illorum
1093 3879 1183 3939 trium
1193 3878 1344 3938 hominum
1357 3897 1423 3937 oum
1438 3879 1479 3940 sit

477 3982 564 4043 Pater
577 3983 609 4042 in
622 3982 738 4057 divinis,
754 3987 799 4044 eet
814 3984 930 4044 omnino
948 3982 1150 4044 'incausabilis
1168 3985 1200 4043 et
1218 3981 1475 4060 improducibilis:

307 4161 316 4194 ¹
305 4159 530 4257 produonbilinm
540 4163 563 4210 ll
572 4159 629 4211 110.

305 4224 411 4323 ²posito
421 4226 519 4289 ABG
536 4229 636 4288 a'r,eote
649 4226 825 4324 asdgnatopro
779 4227 930 4342 munigno
940 4227 1050 4290 euporius
1061 4227 1190 4290 dependam.

305 4289 886 4405 ιξ111111110.*.(10(ιο(1
1178 4289 1449 4342 ‘naturarumtllst

305 4357 441 4406 ‘omines
452 4373 496 4406 om.
509 4353 562 4405 AB
572 4355 591 4406 0
752 4328 969 4473 {demptifloaret
980 4355 1009 4408 0.
1170 4355 1181 4390 ⁸
1198 4355 1310 4423 ponentis
1321 4360 1341 4406 Δ
1352 4354 1412 4406 Bc.

304 4419 343 4457 ⁹³
357 4419 588 4472 inoommunioabilis
598 4425 623 4471 et
633 4419 777 4487 improduati
794 4421 833 4472 ilis
874 4421 922 4472 Bu
