3250 5228
130 597 185 643 cn.
199 597 239 652 a]
473 603 518 649 nn
541 603 728 650 neanorors
749 605 1006 653 racsmscroan.
1304 589 1346 656 67

128 780 280 856 probatur.
321 781 498 842 Humanitas
511 787 659 862 assumpta
671 805 689 843 a
701 783 798 844 Verbo
812 805 870 844 non
883 791 980 864 potest
992 783 1133 847 demereri
1144 802 1194 894 lli
1202 801 1346 896 ‘letargicum

127 884 230 960 pneris
251 905 332 944 suam
356 886 571 946 dimissionem:
593 907 670 963 ergo,
693 888 746 947 illa
766 889 893 962 dimissa,
916 891 970 949 hoc
990 892 1046 950 sibi
1066 912 1131 951 con·
1144 903 1346 995 gohuillffugflffl

126 985 259 1062 tingeret
272 988 334 1047 eine
348 1008 399 1047 suo
413 989 562 1050 demerito.
604 991 789 1050 Antecedens
802 996 884 1069 patet
902 1013 956 1070 per
974 995 1038 1067 hoc,
1054 994 1132 1072 quod
1144 1004 1345 1095 riutiliodilmeriff

127 1110 187 1149 non
207 1097 306 1168 potest
324 1092 465 1152 demereri
486 1098 581 1153 stante
601 1094 716 1168 unione,
732 1095 802 1173 quia
825 1100 896 1155 tuno
916 1097 1045 1158 Verbum
1064 1115 1130 1175 pee—
1143 1104 1345 1196 ssggtlffidggt

97 1207 113 1259 5
127 1198 228 1255 caret:
253 1201 283 1255 et
296 1195 321 1255 si
334 1216 385 1273 pro
399 1195 522 1256 instanti
535 1197 735 1258 dissolueionis
748 1200 797 1259 rel
810 1206 876 1277 post
893 1207 1033 1278 peccaret,
1049 1206 1131 1278 patet
1142 1205 1251 1297 lilim
1278 1204 1345 1246 ΜΗ

126 1299 209 1376 quod
222 1300 397 1359 demeritum
411 1299 638 1382 [dimissionem]
654 1305 828 1380 sequetur¹;
845 1308 877 1363 et
890 1323 941 1380 per
954 1325 1130 1382 consequens

126 1422 186 1462 non
214 1404 471 1482 dampnifiearetnr
497 1425 535 1464 ex
562 1426 613 1464 suo
640 1406 780 1466 demerito
811 1409 991 1484 precedente.
1047 1409 1131 1476 Quod

126 1513 229 1567 autem
250 1509 397 1568 dimissio²
414 1509 491 1569 foret
510 1510 666 1587 dampnose
688 1511 867 1570 humanitati
888 1513 996 1571 Christi
1018 1533 1057 1572 ex
1076 1514 1131 1572 hoc

126 1611 238 1685 evidet,
274 1615 352 1691 quod
385 1615 548 1692 deperdioio
582 1615 677 1689 gracie
710 1616 827 1674 unionis
859 1615 936 1675 foret
969 1617 1131 1693 deperdicio

80 1719 114 1772 10
128 1716 254 1775 maximi
276 1717 345 1776 boni
365 1719 510 1795 possibilis
533 1718 683 1778 intrinseci
704 1721 872 1779 creature⁸:
903 1726 934 1780 et
959 1740 1011 1797 por
1032 1739 1130 1780 conse-

126 1839 223 1896 quens
236 1823 321 1880 tum⁴
334 1822 395 1881 loeo
408 1822 490 1882 illius
503 1843 561 1882 non
575 1825 740 1883 succederet
756 1827 873 1882 tantum
886 1824 1011 1883 bonum:
1035 1824 1130 1901 sequi·

125 1927 178 1983 tur
191 1925 272 2002 quod
284 1925 451 1985 humanitas
464 1927 556 2008 ipsam
570 1927 693 2004 perdens
708 1927 784 1986 foret
802 1927 972 1986 notabiliter
990 1927 1129 2004 peiorata.

126 2033 158 2086 et
171 2049 226 2104 per
248 2049 425 2106 consequens
444 2029 656 2107 dampnificata.
697 2030 832 2089 Valorem
853 2035 951 2090 autem
970 2031 1131 2108 ypostatice

126 2131 248 2190 unionis
262 2134 411 2208 suppono*
423 2151 462 2190 ex
475 2132 561 2190 dictis
579 2137 610 2190 et
628 2131 777 2191 dicendis:
799 2152 852 2209 per
871 2133 952 2192 illam
973 2133 1052 2193 enim
1071 2133 1131 2194 fuit
1143 2141 1167 2231 {g
1178 2139 1216 2232 ul:
1226 2143 1346 2242 ,ffffi

82 2257 114 2310 15
127 2235 215 2294 homo
237 2241 403 2312 assumptus
421 2235 500 2295 idem
519 2236 708 2313 personaliter
721 2236 817 2295 Verbo
834 2236 899 2296 Dei.
940 2237 1048 2312 Magna
1062 2257 1130 2312 ergo
1143 2241 1212 2331 ffi„
1240 2243 1345 2380 ⁸ng

127 2339 274 2416 peioracio
304 2359 356 2398 sua
384 2339 461 2399 foret
491 2339 569 2418 quod
594 2340 794 2399 dimitteretur
820 2340 882 2400 sine
912 2360 964 2399 suo
991 2342 1130 2402 demerito
1143 2352 1345 2442 {ffifflmuflussg

127 2446 270 2519 tanquam
291 2447 439 2501 extranea
467 2441 548 2514 *Non
568 2442 646 2501 enim
665 2442 794 2519 pertinet
811 2443 847 2502 ad
868 2443 978 2502 dictum
999 2444 1130 2503 Cesaram
1142 2439 1345 2532 :mmm

128 2563 245 2621 semper
254 2545 437 2620 Augustum·
451 2545 491 2605 sic
505 2545 634 2623 peiorare
645 2545 706 2604 sine
722 2565 774 2604 suo
787 2545 926 2605 demerito
941 2545 1129 2605 carissimam²
1143 2542 1255 2632 ffimffi
1266 2541 1344 2632 unffi}

1142 2641 1167 2681 ot
1178 2643 1258 2691 christ,
1272 2641 1343 2682 sulcu

1143 2691 1172 2742 is)
1199 2691 1234 2732 hls
1259 2692 1345 2733 demut

80 2753 115 2808 20
128 2753 219 2812 sionis
248 2757 345 2829 posset
372 2751 587 2812 racionabiliter
613 2752 751 2830 conqueri
774 2753 809 2812 de
835 2753 1046 2838 ingratitudine
1074 2753 1130 2813 Dei
1142 2745 1251 2832 ffiffi
1266 2753 1292 2832 2}
1306 2743 1344 2833 {¹32

28 2889 114 2960 [cm]
128 2857 185 2926 sui:
208 2875 275 2916 eum
297 2857 433 2916 continue
454 2862 521 2916 ante
542 2857 615 2916 iecit
634 2855 777 2934 quidquid
798 2855 908 2928 debuit,
928 2859 933 2932 Ι
952 2860 982 2916 et
1002 2857 1132 2916 finaliter
1143 2842 1345 2934 ffimffi‘ffl

127 2961 273 3039 reciperet
289 2981 349 3038 pro
371 2961 582 3022 ‘retribucione
608 2959 784 3020 'mercedis'
807 2964 924 3019 tantum
950 2941 1262 3038 dampnum.⁸i'3⁸;1„fl,2

127 3065 198 3126 Non
218 3086 287 3142 ergo
307 3066 384 3126 foret
404 3068 486 3144 spas⁹
506 3065 538 3124 iu
556 3063 610 3124 tali
629 3063 699 3123 Deo.
741 3065 781 3123 E:
794 3063 863 3123 hinc
878 3064 1015 3122 nimirum
1027 3066 1047 3098 ¹⁰
1059 3066 1132 3124 dicit
1144 3093 1268 3183 wax?
1277 3091 1345 3185 ,1,ῗὲιὲ

128 3172 316 3246 Augustinus
343 3171 424 3230 Ome.
450 3172 508 3229 47:
544 3173 552 3204 ¹
564 3168 678 3227 Absit¹¹
700 3170 778 3245 quod
800 3168 932 3228 Christus
955 3187 1007 3245 pro
1033 3169 1131 3228 triduo
1145 3192 1344 3246 :aenaeam-aa..

82 3281 115 3333 :5
128 3276 257 3334 animam
268 3293 350 3333 suam
358 3272 501 3332 dimiserit
511 3274 544 3331 ¹²:
561 3272 652 3349 ipsam
662 3272 740 3331 enim
751 3269 983 3348 inseparabiliter
992 3271 1097 3331 habuit
1106 3273 1130 3330 :’
1144 3242 1201 3333 illi
1209 3241 1345 3342 aladdii

128 3381 208 3438 unde
227 3378 357 3452 indubie,
376 3378 401 3436 ei
420 3381 486 3455 post
505 3379 646 3454 peccaret,
666 3375 794 3434 dimissio
815 3375 909 3450 gracie
929 3374 1045 3433 unionis
1064 3395 1130 3452 pre·
1145 3342 1345 3442 'iiiiaiiiwiii‘b'

129 3483 274 3543 servantis
293 3501 330 3541 ne
349 3487 448 3560 peccet
468 3480 545 3540 foret
564 3499 650 3539 causa
670 3479 838 3557 principalis
858 3478 986 3556 peccati:
1015 3478 1085 3556 quia
1106 3442 1233 3538 miliarii
1250 3441 1345 3533 ‘hildi

128 3587 287 3646 affirmacio
313 3585 352 3644 sit
379 3603 464 3644 cansa
485 3581 694 3656 affirmaeionis,
719 3581 838 3657 negocio
865 3585 909 3641 est
935 3602 1021 3642 causa
1043 3603 1130 3660 nega-
1143 3542 1346 3694 ffiinffly.

129 3690 230 3763 olonis,
247 3692 282 3748 ut
303 3688 436 3748 absencia
458 3690 547 3746 naute
569 3691 614 3745 est
637 3705 722 3746 eausa
743 3685 965 3764 periclitacionis
985 3687 1069 3746 navis
1092 3707 1131 3746 ex
1281 3669 1288 3694 ⁸

84 3803 117 3857 30
130 3793 165 3852 2⁰
188 3791 389 3871 Physieorum.
430 3790 513 3850 Illud
532 3809 600 3866 ergo
620 3794 781 3867 peecatum,
801 3809 839 3848 ex
859 3789 1025 3850 dimissione
1043 3789 1131 3866 origi·

129 3901 243 3968 natum,
269 3899 345 3955 esset
370 3893 433 3953 Deo
455 3892 656 3971 principalitar
679 3893 892 3969 imputandum,
919 3913 985 3952 cum
1011 3914 1069 3954 non
1092 3915 1131 3954 ex

130 4005 214 4079 parte
232 4004 374 4072 creatura,
389 3997 440 4058 sed
456 3996 522 4070 Dei,
538 4001 674 4056 causatur
690 3996 760 4056 talis
776 3997 925 4056 absencia:
945 3997 1014 4056 talis
1025 3999 1044 4032 ¹³
1062 4017 1131 4073 ergo

128 2655 312 2708 creaturam:
335 2649 405 2726 quia
417 2649 537 2708 indubie
551 2653 683 2709 creatura
695 2649 813 2709 dimissa
831 2670 884 2727 pro
896 2650 1018 2709 instanti
1031 2650 1129 2710 dimis-

175 4155 187 4254 ζ
202 4119 348 4270 seductor?
359 4155 386 4204 ia
397 4112 581 4251 meroinglsnple
597 4150 734 4267 ffione
745 4153 768 4202 Δ
778 4167 785 4213 ;
803 4151 910 4265 sffqtmff
919 4150 956 4263 3:
965 4154 1086 4264 gequetur
1096 4150 1117 4201 B
1127 4151 1181 4265 sam
1231 4223 1243 4249 ο
1253 4216 1277 4265 A
1286 4213 1306 4265 B
1316 4213 1336 4266 c

177 4221 402 4376 full-lisano.
518 4233 597 4267 m
687 4253 694 4267 ⁰
817 4232 950 4356 mais}
967 4231 1344 4410 simoaueaiideffoof

170 4365 583 4483 ,j-ffienomffi
810 4365 1008 4475 leaeo.
1121 4376 1316 4477 olette:

498 4896 691 5207 ξ
