3242 5258
600 619 603 628 ,
719 583 886 630 terrama
907 583 1036 630 wrcur
1352 583 1422 636 [cu.
1438 579 1492 623 11.

470 759 598 820 hnmana
617 759 741 822 accidit¹
760 761 900 822 filiacioni
918 762 1026 838 divine,
1043 763 1120 824 siant
1139 763 1327 840 singularitas
1345 759 1490 820 bominis

470 863 576 924 accidit
608 865 826 942 personalitati²
851 867 961 928 divine.
1015 869 1055 928 Et
1085 868 1127 927 sic
1152 867 1258 928 fillacio
1285 869 1416 926 hnmana
1446 863 1488 923 in

471 967 585 1026 Christo
619 968 810 1046 simpliciter⁸
835 989 893 1029 non
922 974 968 1030 est
999 971 1129 1046 filiaci03
1162 991 1238 1044 cnm,
1273 969 1487 1046 multiplicat·

469 1071 612 1132 filiacicne
626 1092 684 1150 qne
697 1077 742 1132 est
761 1073 838 1133 racio
851 1073 915 1146 lilii,
932 1075 1198 1151 multiplicarentur
1212 1077 1244 1134 et
1262 1073 1334 1145 filii,
1355 1072 1408 1130 sed
1430 1075 1485 1130 esa

471 1175 605 1249 genitura
617 1177 793 1252 temporalis.
834 1178 910 1237 Aliis
923 1183 1020 1237 antem
1038 1177 1043 1258 Ι
1060 1179 1146 1256 plus⁴
1159 1178 1264 1255 placet,
1280 1196 1345 1235 cum
1361 1175 1483 1252 quibus
1498 1173 1598 1242 [⁰⁸¹⁸]

259 1281 502 1337 cuminum-et
523 1279 621 1351 michi,
644 1281 723 1358 quod
743 1286 788 1340 est
809 1281 878 1340 dare
901 1282 933 1340 in
956 1282 1091 1342 Christo⁸
1112 1282 1258 1359 duplicem
1284 1279 1478 1348 filiacionem,

257 1332 460 1432 lilibl‘itlllll'ffll
472 1383 547 1442 sicut
562 1386 593 1442 et
605 1383 750 1460 duplicem
763 1384 956 1454 nativitatem,
971 1405 1029 1444 non
1042 1389 1141 1444 autem
1152 1384 1300 1462 duplicem
1311 1382 1479 1460 personali·

259 1433 351 1525 Ἢ·
370 1431 458 1474 mmm
470 1491 569 1560 tatem,
586 1487 668 1546 cuius
684 1490 761 1547 racio
779 1491 824 1547 eet
844 1488 933 1561 nasci,
949 1489 1024 1549 siout
1045 1494 1076 1548 et
1096 1488 1170 1548 mori
1191 1487 1329 1565 competit
1347 1505 1475 1564 persone

470 1589 599 1650 ‘christi
611 1591 725 1650 racione
737 1592 929 1652 humanitatis
942 1597 973 1652 et
985 1613 1044 1652 non
1056 1612 1109 1669 per
1121 1595 1171 1652 se'
1184 1592 1276 1670 primo
1294 1591 1339 1650 illi
1351 1594 1471 1649 nature.
1598 1645 1599 1662 ,

470 1695 568 1770 'Ergo
591 1715 643 1772 per
668 1695 746 1754 idem
768 1697 817 1755 vel
840 1696 1007 1756 evidentius
1029 1697 1135 1756 filiscio
1157 1695 1297 1772 competit
1317 1695 1472 1771 supposito
1490 1691 1531 1745 1⁰

469 1798 563 1875 primo
585 1799 699 1858 racione
721 1804 835 1873 nature,
857 1804 888 1860 et
908 1820 966 1859 non
990 1801 1082 1878 primo
1104 1800 1150 1859 illi
1173 1801 1299 1858 nature.¹
1351 1798 1392 1857 Et
1412 1798 1472 1856 hoo

471 1902 652 1961 sentenciant
669 1903 807 1976 moderni,
823 1904 876 1981 qni
892 1904 1003 1977 dicunt,
1019 1905 1098 1982 quod
1116 1907 1221 1964 natura
1240 1905 1390 1978 assumpta
1408 1920 1473 1961 non

471 2010 516 2066 est
533 2007 621 2079 filius,
637 2007 687 2066 sed
699 2028 752 2085 per
763 2007 827 2067 eine
840 2008 1054 2068 dimissionem⁸
1072 2007 1166 2067 Maria
1178 2007 1292 2084 potuit'
1306 2007 1379 2065 duce
1392 2005 1472 2064 tilios
1599 2022 1600 2032 ¹

470 2110 604 2169 habuisse
624 2111 686 2170 sine
706 2116 774 2172 actu
794 2112 966 2188 gignicionie
978 2112 1097 2189 duplici,
1113 2111 1161 2171 vel
1175 2110 1236 2170 sine
1249 2111 1303 2169 hoo
1316 2111 1395 2188 quod
1415 2110 1473 2168 illa

470 2223 575 2273 natura
595 2214 654 2274 fuit
676 2216 756 2274 filius
777 2215 869 2276 liaris
895 2236 947 2294 pro
969 2215 1091 2276 instanti
1112 2215 1210 2292 aliquo
1230 2214 1291 2274 vite
1313 2233 1374 2284 ene,
1400 2233 1472 2271 oum
1488 2228 1525 2282 15

471 2337 561 2376 senex
574 2317 715 2395 inciperet
727 2339 788 2378 esse
801 2319 881 2379 filius
892 2319 1025 2392 bominis,
1041 2319 1158 2397 quando
1172 2317 1313 2394 inciperet
1324 2315 1449 2376 dimitti.

511 2421 595 2480 Licet
612 2427 711 2483 antem
725 2423 798 2483 talia
813 2423 937 2483 ludicria
956 2423 1016 2483 sint
1028 2421 1224 2500 impossibilis,
1239 2425 1337 2480 tamen
1350 2421 1473 2480 videtur

471 2527 620 2602 probabile
643 2528 722 2604 quod
748 2528 881 2588 Christus
905 2527 1019 2586 racione
1044 2527 1234 2585 humanitatis
1259 2523 1366 2584 habeat
1391 2523 1473 2584 filia-

472 2630 584 2688 cionem
601 2630 766 2704 humanam,
781 2631 858 2691 siout
874 2631 987 2690 racione
1002 2629 1130 2689 eiusdem
1143 2633 1247 2688 nature
1260 2629 1349 2687 habet
1361 2627 1473 2686 nativi·

261 2748 461 2790 praemonente
472 2738 564 2792 tatem
573 2735 593 2768 ¹⁰
611 2735 815 2810 temporalem3
836 2734 984 2812 potissime
1002 2753 1069 2794 cnm
1084 2733 1190 2793 filiacic
1208 2733 1248 2793 sit
1264 2732 1351 2792 realis
1363 2731 1473 2791 relacio
1486 2739 1525 2794 20

257 2798 462 2900 liwfflcm
473 2856 592 2914 persone
602 2837 622 2871 ¹¹
640 2837 672 2895 in
692 2856 795 2912 genere
814 2837 890 2898 sicut
910 2837 966 2896 alia
985 2837 1147 2896 aocidencia
1167 2835 1280 2896 Christo
1299 2835 1474 2895 humanitus

263 2850 403 2951 “imm
474 2942 637 3017 dependent
660 2960 678 3000 a
697 2945 816 3017 parente
835 2941 1004 3017 temporali:
1026 2959 1083 3000 non
1105 2941 1145 3000 sic
1164 2945 1262 3000 autem
1281 2939 1473 3017 personalitas

262 3047 371 3151 §ms
385 3070 406 3092 =
420 3061 463 3102 aer
475 3045 614 3116 absoluta,
637 3063 703 3104 cum
717 3064 839 3120 perseam
856 3045 965 3104 dicitnr
983 3043 1186 3120 ethimologice
1201 3064 1257 3120 per
1275 3063 1303 3102 aa
1321 3062 1399 3102 aaa:
1419 3043 1472 3101 illa

475 3168 542 3224 ergo
569 3167 627 3207 non
649 3149 792 3225 dependet
813 3149 935 3208 relative
958 3150 994 3208 ab
1014 3154 1152 3220 extremo,
1174 3149 1284 3208 neceb
1305 3151 1373 3206 actu
1394 3153 1471 3206 tem·

474 3253 576 3330 porali,
601 3256 636 3312 ut
661 3251 808 3326 nativitas,
834 3252 993 3329 concepoio,
1022 3252 1083 3312 eive
1116 3251 1251 3328 gignicio.
1305 3251 1390 3310 Unde
1422 3249 1471 3308 vel
1484 3261 1520 3316 25

475 3361 589 3433 oportet
610 3354 697 3415 dici¹²
717 3355 797 3433 qnod
812 3355 918 3414 filiacio
937 3359 1037 3414 eterna
1062 3355 1278 3414 accidentaliter
1300 3354 1340 3414 sit
1364 3354 1471 3414 filiaoic

475 3460 609 3533 hominis,
638 3459 687 3518 vel
712 3459 791 3536 quod
816 3458 923 3517 filiacio
947 3459 1073 3518 bominis
1098 3478 1158 3518 non
1184 3459 1224 3518 sit
1249 3459 1365 3517 fillacio.
1420 3457 1472 3518 Se-

476 3564 603 3622 cundum
632 3581 692 3621 non
720 3568 765 3621 eat
795 3563 922 3621 dandum
949 3581 1015 3622 cum
1042 3562 1097 3622 iste
1119 3562 1262 3622 terminus
1284 3562 1403 3620 leminis
1424 3561 1473 3620 vel

475 3666 610 3725 damonae
642 3685 699 3724 non
731 3665 876 3725 dismehit.
929 3665 1060 3724 Primum
1086 3670 1185 3725 autem
1211 3685 1250 3725 cx
1276 3667 1329 3724 boc
1355 3664 1475 3724 videtur

475 3770 596 3828 deficere
617 3769 695 3846 quod
717 3768 822 3828 liliacio
843 3773 943 3828 eterna
961 3787 1020 3828 non
1037 3774 1134 3846 potest
1153 3769 1217 3828 fieri
1236 3768 1341 3828 filiaoio
1360 3773 1473 3846 tempo
1486 3783 1523 3837 30

475 3873 554 3932 ralis.
596 3873 728 3932 Christus
741 3892 808 3948 ergo
821 3873 911 3932 hebet
922 3872 954 3932 in
967 3893 998 3932 se
1011 3876 1056 3932 tot
1069 3871 1226 3931 filiaciones
1238 3875 1310 3950 quot
1326 3877 1471 3948 parentes,

475 3977 551 4037 deut
570 3977 674 4036 Petrus
693 3976 725 4035 in
748 3997 779 4036 se
801 3980 845 4036 tot
868 3975 1068 4054 propcrciones
1090 3975 1194 4053 duplas
1214 3979 1245 4036 et
1267 3974 1475 4035 similitudines

291 4153 320 4250 ,ἔ
336 4153 528 4206 accidatABG.
710 4154 721 4187 ²
737 4155 857 4232 personali
867 4153 897 4204 0.
1069 4153 1081 4186 ⁸
1096 4151 1236 4268 simplioitm
1245 4169 1290 4205 aas.
1302 4151 1392 4203 Aac.

353 4219 549 4271 lusamllltl.
711 4217 973 4270 ‘meinamma
1069 4217 1476 4283 ⁸·'Cnstr...pervm.0.

308 4235 737 4361 ²-ler30...noem0m.nac.
772 4349 778 4362 .
810 4349 815 4362 ¹
1068 4281 1296 4362 *dimissionem
