3242 5258
125 596 183 638 cn.
204 595 248 650 1.]
469 600 514 646 DE
536 601 724 648 BENEDIOE'A
746 603 1006 649 lucanuamorrn.

124 795 182 854 pro
198 777 328 838 instanti
341 777 550 838 incarnacionis
563 780 668 839 Petrus
680 780 776 839 fidelis
789 786 941 856 cognoscat
953 781 1082 841 Verbum
1096 778 1140 838 di-

124 879 238 940 vinum
252 901 333 942 nunc
346 901 407 942 esse
421 883 517 942 Deum
530 887 562 942 et
574 884 687 958 ignoret
701 884 778 962 quod
790 903 869 943 nuno
887 884 926 944 sit
944 885 1049 958 bomo;
1069 886 1142 941 tuno

123 987 217 1060 patet
238 987 319 1064 quod
338 987 639 1065 sequitur-Verbum
657 988 791 1047 divinum
803 1008 881 1047 nuno
895 992 1013 1047 nonest
1030 987 1143 1064 aliquid

124 1088 207 1166 quin
228 1090 287 1150 iste
307 1091 413 1150 Petrus
432 1091 531 1150 nunc¹
555 1095 708 1167 cognoscat
730 1091 827 1170 ipsam
848 1111 909 1152 esse
933 1091 1063 1168 aliquid:
1093 1091 1143 1150 sed

93 1189 269 1254 5Verbum
292 1195 427 1254 divinum
449 1215 527 1256 nuuc
555 1200 600 1255 eet
622 1197 727 1256 bomo:
770 1214 839 1272 ergo
862 1195 967 1255 Petrus
996 1193 1143 1270 cognoscit

126 1295 233 1373 ipsum
247 1317 326 1358 nunc
339 1318 400 1358 esse
413 1299 608 1359 bominem-.
647 1299 707 1360 Hic
720 1299 800 1359 enim
811 1319 870 1358 nou
884 1303 929 1358 est
941 1297 1059 1358 fallacia
1069 1297 1142 1356 ecci-

128 1401 244 1474 dentia,
261 1421 328 1460 cum
343 1401 483 1475 Christus
499 1403 687 1481 inquantum
702 1404 798 1478 homo,
814 1403 854 1462 ait
873 1402 1002 1480 aliquid:
1025 1406 1056 1461 et
1076 1420 1143 1460 con·

130 1523 265 1582 sequens
287 1511 332 1565 est
350 1505 477 1567 falsum:
506 1507 570 1567 ideo
589 1507 769 1586 relinquitur
788 1508 866 1585 quod
885 1507 995 1566 maior:
1025 1526 1063 1565 ex
1083 1525 1142 1583 quo

132 1609 275 1686 sequitur
287 1609 400 1688 aliquid
413 1631 473 1671 esse
486 1631 564 1670 nunc
574 1611 712 1684 Verbum,
728 1612 806 1688 quod
819 1611 923 1670 Petrus
935 1630 1014 1670 nunc
1027 1611 1143 1685 ignorat

81 1709 119 1763 10
133 1731 200 1771 esso
223 1713 362 1786 Verbum,
383 1716 461 1792 quod
478 1735 538 1774 non
552 1719 649 1791 potest
665 1715 735 1792 poni
751 1715 853 1775 deitas.
903 1714 937 1774 3⁰
955 1715 1142 1774 confirmatur

134 1835 176 1875 cx
197 1817 254 1876 hoc
274 1817 352 1895 quod
371 1817 520 1894 quantitas
539 1821 570 1878 et
589 1823 685 1878 cetere
704 1819 867 1879 accidencia
881 1839 941 1878 non
959 1823 1028 1878 sunt
1047 1837 1141 1878 essen-

135 1919 257 1979 cialiter
276 1920 432 1980 distinota²
455 1941 473 1980 a
499 1921 653 1982 subiectis:
683 1943 750 1998 ergo
774 1923 867 1982 multo
894 1922 1060 1982 evidenoiua
1085 1923 1142 1980 bu·

135 2025 267 2083 manitas
279 2028 325 2083 est
338 2025 434 2084 bomo.

179 2127 285 2194 Quoad
305 2125 391 2186 2⁶¹⁸st
410 2133 491 2207 patet
512 2129 634 2190 cuilibet
653 2130 763 2191 volenti
783 2131 944 2202 advertere,
964 2129 1043 2207 quod
1063 2129 1143 2204 glosa
1155 2137 1201 2228 gi·
1223 2139 1355 2229 Amperpo

88 2233 122 2286 15
138 2237 185 2292 ast
213 2231 301 2292 nimie
323 2237 464 2294 extranea
482 2241 581 2312 prater
601 2239 729 2295 mentem
750 2239 937 2308 sanctorum
965 2238 1000 2293 ut
1027 2233 1142 2312 quando
1154 2199 1356 2340 ot‘tlffpwclibpeoisriri

138 2337 336 2412 Augustinus,
353 2337 518 2414 Gregorius,
534 2338 707 2411 leronimus,
723 2338 887 2410 Auselmus,
908 2341 940 2397 et
958 2337 1010 2396 elii
1029 2339 1140 2412 dieunt,
1154 2289 1286 2429 lllfflsslb·
1297 2320 1355 2389 upon

138 2440 221 2518 quod
250 2446 375 2519 utraque
408 2441 581 2514 substancia,
611 2442 722 2501 scilicet
753 2441 853 2500 diviua
879 2445 910 2501 et
934 2442 1071 2515 humana,
1099 2389 1357 2502 estwuffiibiiiilf

139 2543 286 2615 Christus,
301 2545 373 2604 dicit
385 2545 466 2621 glosa
478 2545 555 2622 ipsos
567 2565 620 2622 per
636 2545 690 2604 boc
707 2544 865 2618 intendere,
881 2546 959 2623 quod
976 2547 1069 2605 altera
1085 2566 1144 2606 non
1154 2489 1356 2590 memmi„

139 2653 187 2707 est
216 2647 356 2720 Christus,
386 2649 436 2708 sed
461 2653 566 2707 natura
591 2648 663 2719 eiua,
692 2667 746 2706 nec
772 2648 945 2708 conveniens
971 2651 1087 2709 seonm‘
1113 2651 1145 2709 in

88 2757 125 2810 20
140 2751 271 2811 essenoia
292 2771 346 2810 nec
369 2771 500 2828 persona.
541 2751 596 2810 Pro
618 2756 696 2811 certo
718 2751 796 2811 inter
818 2772 916 2812 omnes
943 2753 1046 2828 glosas,
1072 2774 1145 2832 quas

140 2875 275 2932 unquam
287 2855 454 2914 audiveram
468 2860 512 2914 est
524 2855 578 2914 bec
591 2855 741 2928 inoulcior,
758 2855 869 2930 gloaare
882 2856 961 2915 diota
980 2861 1145 2916 sanctorum

141 2959 253 3018 directe
269 2977 322 3034 per
341 2978 394 3016 sua
413 2958 553 3036 opposita.
595 2958 649 3031 si,⁶
669 2959 797 3037 inquam,
813 2959 871 3018 ista
890 2959 970 3035 glosa
990 2961 1141 3034 sufficeret,

143 3063 210 3141 quis
237 3061 407 3121 formidaret
437 3062 640 3122 auctoritatem
673 3062 729 3122 sibi
761 3062 950 3139 oppositam?
1001 3063 1083 3122 ‘Sed
1109 3067 1145 3123 ut

38 3175 128 3248 [sata]
142 3165 289 3242 pallient⁸
312 3166 421 3241 glosam
450 3185 540 3238 suem,
570 3166 725 3226 dimittunt
757 3166 915 3226 verbaliter
946 3167 1143 3242 negaltivam⁷

92 3277 128 3330 25
141 3270 273 3329 dicentes
296 3269 373 3346 quod
395 3269 580 3344 Augustinus
601 3270 728 3329 intendit
748 3275 902 3349 utramque
927 3275 1061 3331 naturam
1082 3291 1143 3332 esse

141 3379 277 3433 nouarum
292 3372 409 3432 Christi.
451 3372 572 3439 Quando
586 3376 683 3433 autem
700 3373 834 3451 queritur
846 3379 946 3434 utrum
958 3375 1144 3449 Augustinus

140 3477 270 3536 intendit
290 3481 444 3554 utramque
461 3483 597 3537 naturam
610 3497 670 3537 esse
686 3477 843 3550 Christum,
859 3479 961 3538 dieunt
977 3480 1056 3556 quod
1072 3499 1141 3553 uon,

141 3581 193 3639 sed
205 3585 361 3659 utramque
372 3600 433 3640 esse
442 3586 577 3640 naturam
592 3581 711 3641 Christi.
743 3583 784 3641 Et
797 3583 912 3658 quando
922 3582 1046 3641 ulterius
1056 3601 1143 3659 oppo-

141 3683 232 3756 nitur,
254 3685 297 3742 si·
316 3684 474 3744 intenderit
489 3690 624 3744 naturam
639 3685 795 3745 humanam
814 3667 875 3746 esse
894 3686 1050 3757 Christum,
1067 3686 1144 3746 sicut

92 3801 128 3854 30
141 3787 270 3847 intendit
289 3791 424 3847 naturam
443 3787 572 3847 divinam
592 3808 652 3848 esse
673 3789 831 3862 Christum,
848 3789 951 3850 dicunt
971 3791 1048 3868 quod
1064 3810 1141 3850 non:

141 3894 173 3950 et
193 3891 254 3950 sic⁸
275 3891 403 3951 finaliter
423 3891 558 3952 incidunt
580 3891 613 3950 in
636 3893 745 3968 gloeam
769 3893 917 3970 yronicam
939 3894 1143 3972 supradictam.

141 3995 200 4055 Sed
220 4015 309 4074 quarn
329 3994 480 4055 sinistrum
499 4000 545 4056 est
566 3996 661 4056 dicare
683 3997 763 4075 quod
786 4004 846 4057 tam
867 3997 988 4057 subtiles
1007 3998 1094 4074 logici
1114 4003 1145 4058 et

184 4238 193 4272 ¹
210 4254 274 4290 nuno
285 4256 330 4289 om.
344 4239 381 4300 n;
399 4255 448 4290 non
460 4240 491 4290 0.
973 4239 985 4273 ¹
1001 4240 1112 4292 distiucte
1129 4241 1159 4292 0.

183 4303 194 4335 ¹
209 4304 310 4356 tercium
321 4304 398 4354 ABG
408 4322 414 4360 ;
432 4309 473 4355 aed
482 4308 509 4356 de
519 4303 623 4356 secmda
633 4305 785 4371 responsione
797 4305 838 4372 (p.
852 4307 906 4368 lor,
921 4308 938 4356 ἱ.
951 4309 992 4370 20)
1005 4323 1068 4354 nunc
1079 4310 1167 4368 meur.

183 4368 194 4401 ⁴
210 4384 294 4444 recum
301 4386 346 4419 om.
359 4371 380 4418 A
391 4369 448 4421 Bo.
644 4371 654 4403 ⁶
671 4369 712 4421 aad
724 4369 752 4420 C.
980 4371 1017 4407 Μ
1033 4369 1075 4419 sed
1084 4371 1139 4446 plus
1150 4369 1276 4437 palliantes
1288 4371 1318 4423 0.

183 4433 366 4501 'negamonem
377 4433 405 4485 C.
641 4433 750 4487 'sed0.
977 4433 1060 4500 'quia
1070 4438 1145 4487 acc.
