3250 5228
271 533 314 598 66
726 555 892 603 ronanam
913 557 1041 604 wrcnrr
1376 556 1440 610 [cn.
1452 555 1480 600 r.
1595 548 1601 617 ς

270 747 420 842 mna
437 797 471 839 m.
484 729 509 791 si
531 732 693 794 dimitteret
717 738 853 796 naturam
879 740 1065 814 assumptam,
1090 757 1153 798 eam
1175 735 1216 798 sio
1237 737 1480 815 dampnificarct:

270 847 374 940 pinetqupo
380 859 473 940 pphqqq
484 857 552 913 ergo
565 842 596 898 st
609 839 725 900 cetera.1
765 840 859 900 Maior
871 846 954 918 patet
969 861 1007 901 cx
1024 843 1089 916 hoo,
1105 845 1183 920 quod
1200 842 1419 920 dampnifioacio
1438 843 1483 900 est

271 949 473 1040 qqrnenqntgqedppg
486 945 615 1002 creatura
638 943 776 1004 racionali
798 943 892 1004 ²mali
918 945 1015 1005 illaoio
1041 946 1180 1018 inutilis‚¹
1196 947 1201 1020 Ι
1218 966 1276 1024 que
1302 965 1362 1004 non
1387 949 1483 1022 potest
1494 947 1521 1013 [c
1529 945 1573 1012 su]

271 1047 360 1140 {³¹:2⁰¹
372 1048 421 1090 taso
434 1060 473 1091 Μ·
486 1045 542 1104 sibi
569 1046 727 1106 inexistere
754 1047 812 1106 nisi
837 1047 948 1108 on'atur
974 1048 1174 1127 principaliter
1198 1070 1216 1109 a
1239 1069 1269 1108 so
1297 1050 1370 1126 ipsa,
1398 1049 1484 1106 iuxta

485 1149 662 1209 sentenciam
681 1151 760 1210 beati
780 1151 920 1210 Iohannis
933 1153 1120 1212 chrisostomi
1139 1159 1169 1213 et
1189 1153 1310 1212 aliorum
1332 1153 1511 1214 doctorumt
1606 1200 1611 1235 ι

485 1253 684 1314 communiter.
716 1255 919 1316 confirmatur.
951 1255 983 1316 Si
996 1257 1077 1316 Deus
1089 1257 1187 1316 aufert
1200 1261 1331 1316 creature
1345 1255 1483 1316 racionali

484 1357 593 1415 bonum
613 1358 739 1436 aliquod,
761 1359 872 1418 iustum
896 1364 926 1420 et
943 1361 1077 1438 pulcrum
1097 1366 1142 1420 ast
1160 1361 1237 1420 illud
1255 1361 1365 1420 auferri
1386 1365 1416 1420 et
1432 1379 1484 1436 per

485 1480 662 1538 consequens
681 1482 741 1521 non
767 1465 868 1522 souat⁸
887 1462 919 1522 iu
942 1465 1053 1524 malum
1078 1464 1205 1524 inutile:
1233 1469 1265 1524 et
1288 1462 1349 1523 sio‘
1368 1467 1485 1522 serrata

483 1562 667 1624 immunitate
681 1566 793 1642 pcccati
805 1586 863 1625 non
877 1571 922 1626 est
934 1567 1101 1644 dompnum.
1142 1569 1219 1627 Nam
1237 1567 1262 1626 si
1279 1568 1361 1626 Deus
1381 1568 1484 1643 damp-

484 1667 584 1728 nificat
603 1669 757 1741 hominem,
773 1670 843 1747 quia
858 1670 931 1730 facit
946 1690 1013 1729 aum
1031 1671 1108 1730 iusto
1124 1691 1220 1730 carere
1239 1671 1313 1729 bono
1332 1670 1529 1746 possibili310

484 1776 556 1832 tuno
576 1771 726 1833 infinitum
751 1775 880 1833 multum
900 1775 1119 1851 dampnifioaret
1145 1774 1308 1852 quamlibet
1334 1775 1484 1833 beatifico·

483 1875 573 1934 bilem
594 1879 773 1949 creaturam
802 1879 842 1948 et,
870 1879 906 1935 ut
929 1876 1119 1935 communitor
1144 1877 1307 1948 deducitur,
1331 1876 1486 1934 infinitum

482 1977 638 2055 impediret
663 1981 669 2054 Ι
695 1980 845 2057 quodlibet
876 1999 949 2056 opus
981 1999 1077 2041 suum.
1131 1980 1175 2040 2⁰.
1201 1981 1418 2041 Confirmatur⁵
1446 1981 1577 2052 ermis]

483 2082 547 2156 hoc,
570 2083 648 2159 quod
668 2083 811 2142 infliocio⁸
834 2101 908 2159 pene
929 2087 1069 2160 perpetuo
1090 2103 1143 2160 pro
1164 2089 1281 2162 peccato
1301 2103 1361 2142 non
1382 2084 1485 2160 damp-

483 2185 584 2244 nifioat
597 2187 648 2245 sed
659 2187 792 2245 meliorat
811 2187 998 2262 dampnatum
1018 2186 1050 2244 in
1069 2191 1185 2246 tantum
1205 2188 1292 2264 quod,
1309 2187 1334 2245 si
1355 2190 1432 2246 esset
1452 2187 1486 2246 in
1499 2173 1534 2227 ¹⁵

484 2289 649 2348 eleccione⁷
679 2309 732 2348 sua
760 2289 802 2348 sic
829 2288 980 2364 dampnari
1010 2293 1077 2366 post
1103 2296 1255 2367 peccatum
1281 2291 1329 2349 rol
1356 2293 1486 2349 raoarc⁸

483 2393 654 2470 impunem‚⁹
687 2393 809 2468 eligeret
840 2392 1054 2452 racionabiliter
1083 2395 1124 2454 sio
1152 2395 1326 2471 dampnari:
1363 2414 1433 2469 ergo
1467 2415 1486 2453 a

482 2498 585 2556 maiori
617 2497 666 2557 vel
699 2498 773 2574 pari,
802 2498 827 2557 si
860 2499 940 2560 Deus
972 2501 1068 2560 aufert
1101 2501 1138 2559 ab
1171 2499 1270 2576 aliquo
1304 2501 1324 2533 ¹⁰
1333 2499 1395 2559 sins
1430 2519 1484 2559 suo

483 2602 622 2660 demerito
632 2603 651 2636 ¹⁰
677 2601 800 2679 quodvis
830 2603 947 2677 bonum,
977 2625 1042 2663 oum
1074 2604 1113 2663 sit
1143 2604 1277 2680 pulcrum
1309 2607 1341 2662 ot
1373 2605 1484 2663 bonum

484 2707 561 2782 quod
583 2707 626 2765 ita
646 2705 736 2765 faciat
756 2707 863 2766 nedum
884 2707 940 2768 toti
961 2708 1146 2767 universitati
1157 2709 1175 2741 ¹¹
1198 2708 1249 2766 sed
1268 2727 1398 2785 persona,
1425 2727 1485 2785 que
1498 2697 1531 2751 ²⁰

483 2809 569 2868 aliter
585 2808 800 2869 busmatorio¹⁸
822 2816 994 2888 occuparet3
1024 2812 1157 2890 sequitur
1180 2813 1257 2889 quod
1280 2813 1349 2871 talis
1371 2813 1485 2873 ablaoio

483 2933 541 2972 non
565 2914 604 2972 sit
624 2915 859 2991 dampnifioacio;
880 2937 946 2976 oum
969 2937 1023 2976 noc
1042 2937 1094 2994 pro
1114 2917 1167 2975 illa
1190 2917 1336 2976 ablaoione
1355 2937 1409 2978 nac
1431 2938 1485 2995 pro

484 3017 546 3076 eius
560 3037 645 3077 causa
658 3019 873 3078 racionabiliter
883 3022 902 3055 ¹³
923 3019 962 3080 sit
981 3021 1147 3080 dolendum.
1188 3023 1237 3079 Ex
1257 3041 1315 3098 quo
1326 3023 1345 3056 '¹
1365 3022 1487 3082 ridetur

485 3120 528 3181 3⁰.
551 3122 629 3197 quod
655 3120 793 3181 innocens
818 3124 873 3182 hoc
897 3124 1000 3184 videns
1021 3124 1143 3201 eligeret
1153 3125 1173 3159 ¹⁵
1199 3124 1416 3184 racionabiliter
1442 3126 1485 3185 sic

483 3225 610 3302 privari:
632 3230 663 3285 at
682 3245 748 3285 cum
764 3246 847 3285 nemo
868 3228 989 3304 ¹⁸potest
1003 3228 1218 3288 racionabiliter
1230 3227 1337 3304 eligere
1349 3231 1369 3263 ¹⁶
1383 3229 1484 3308 damp-
1499 3235 1533 3290 25

484 3329 604 3398 nificari.
621 3330 755 3407 sequitur
767 3332 846 3407 quod
863 3331 944 3390 Deus
960 3351 1018 3390 non
1038 3332 1226 3408 dampnificat
1245 3327 1420 3404 creaturam}
1434 3335 1485 3394 sed

484 3433 577 3492 solum
597 3433 720 3511 ipsamet
728 3435 746 3468 ¹⁷
764 3431 916 3510 seipssm¹³
933 3433 981 3492 vel
999 3433 1080 3492 aliud
1093 3433 1224 3493 alliciens
1244 3434 1281 3493 ad
1293 3435 1483 3512 peccandum.

483 3537 561 3596 Ymo
575 3537 599 3596 oi
617 3539 691 3596 bano
705 3536 908 3609 consideretur,
924 3537 1018 3596 omnis
1032 3537 1248 3614 dampnificacio
1267 3538 1343 3614 sapit
1360 3538 1484 3598 iniuria·

485 3642 605 3713 cionem,
621 3661 678 3718 que
691 3660 749 3700 non
763 3645 859 3718 potest
871 3661 924 3718 par
937 3661 966 3700 sc
980 3644 1055 3702 bono
1075 3647 1107 3702 st
1125 3642 1202 3702 iusto
1223 3647 1392 3720 competere,
1409 3643 1483 3721 quin

483 3746 583 3824 pocius
602 3745 756 3805 bonificare
777 3751 808 3806 ct
829 3745 980 3822 corrigere.
1021 3746 1118 3806 Minor
1139 3750 1237 3806 autem
1256 3747 1422 3823 argumenti
1441 3745 1483 3806 sio
1497 3748 1534 3804 30

313 3951 385 4003 ¹cto.
399 3953 512 4017 ismara.
524 3954 555 4006 Δ.
686 3951 725 3990 ’J
741 3951 834 4004 inutilis
843 3951 981 4006 illcoioom.
994 3953 1052 4004 mall
1064 3954 1094 4004 0.
1197 3953 1303 4015 ⁸salutat
1316 3952 1345 4002 0.

312 4019 322 4050 ⁶
338 4017 373 4068 sic
384 4033 428 4067 aa.
442 4017 471 4069 0.
688 4017 698 4050 ⁵
715 4017 778 4067 idem
789 4021 843 4068 odd.
856 4019 887 4069 0.
1196 4017 1207 4050 ⁸
1224 4016 1334 4066 iuflnocio
1345 4015 1436 4068 ABG.

312 4081 322 4114 ἵ
337 4081 464 4132 clloooiouc
476 4081 509 4134 0.
687 4082 698 4114 ⁸
715 4082 779 4132 viare
790 4099 842 4132 cum
853 4086 930 4132 litora
941 4085 967 4134 ἐκ
979 4085 1052 4133 snsds'o
1063 4083 1129 4132 serbo
1139 4082 1179 4142 A3
1197 4081 1262 4130 viare
1277 4083 1308 4138 B;
1326 4082 1402 4130 vitare
1416 4082 1447 4134 0.

311 4145 434 4213 'impune
447 4148 476 4198 0.
678 4146 699 4178 ¹⁰
715 4147 999 4198 sinosuodcmeritoom.
1012 4147 1102 4198 ABG.
1189 4146 1207 4178 ¹·
1225 4145 1335 4195 universo
1351 4146 1380 4195 0.

300 4211 321 4244 ¹⁸
337 4211 493 4262 umuaiouo
506 4212 536 4262 0.
678 4209 699 4243 ¹⁸
715 4211 867 4262 rationaliter
877 4220 900 4262 st
910 4215 945 4262 sto
951 4221 1033 4275 posteo
1045 4211 1074 4261 B.
1191 4209 1210 4244 ¹⁴
1226 4225 1274 4276 qno
1286 4214 1311 4260 ἐκ
1323 4212 1430 4274 raamias
1446 4211 1478 4262 0.

301 4275 322 4308 ¹⁵
338 4275 409 4327 debet
419 4277 507 4342 eligere
519 4276 554 4336 B;
575 4273 674 4352 eligeret
685 4277 707 4325 Δ
718 4279 758 4325 sed
768 4279 835 4326 addis
847 4280 872 4325 ia
884 4280 991 4342 marpissa
1002 4275 1073 4326 debet
1083 4274 1179 4343 eligam.

299 4339 322 4438 ¹¹:
336 4340 424 4418 dulcit
435 4341 466 4407 B)
479 4339 656 4457 raciposbibtcr
666 4339 767 4406 eligeret
783 4341 897 4393 ABO.·
1188 4338 1207 4372 ¹²
1224 4337 1301 4406 ipsam
1313 4338 1401 4390 ABG.

338 4421 363 4456 sa
374 4420 451 4472 ipsam
462 4423 506 4460 om.
544 4441 551 4456 .
