3250 5228
246 583 288 648 82
693 601 859 647 souuurus
880 603 1008 648 wromr
1352 595 1423 649 [cu.
1436 595 1464 638 v.

244 789 286 830 aut
307 789 345 832 ue
372 787 446 831 etune
458 783 573 855 oportet
603 779 720 840 Patrem
749 780 821 858 pati,
846 781 901 840 etsi
927 781 1031 854 Filius,
1057 779 1109 858 qui
1136 783 1181 839 est
1204 779 1262 838 alia
1285 795 1409 855 persona
1434 780 1469 834 et
1547 805 1556 826 ι

244 839 446 932 lithltndllsli
459 883 557 942 eadem
581 883 708 942 essancia
727 884 868 960 paciatur.
909 883 974 944 Nec
991 888 1065 943 esset
1084 883 1220 961 possibile
1235 881 1366 941 Verbum
1384 879 1465 956 peti,

244 940 446 1040 glinditiriili
459 985 545 1044 Patre
568 1005 626 1044 non
646 1007 746 1062 pesso;
766 987 824 1046 nisi
843 987 973 1046 Verbum
993 991 1068 1046 esset
1091 993 1151 1046 tam
1171 985 1282 1064 aliquid
1303 985 1380 1062 quod
1400 1003 1468 1042 non

245 1041 308 1080 other
314 1042 391 1088 words,
400 1041 418 1082 lt
427 1041 445 1082 l!

243 1091 445 1192 ffiffiffifflg
458 1090 522 1148 est¹
541 1090 637 1163 Pater,
653 1110 740 1168 qnam
761 1109 882 1166 persona
898 1090 956 1149 alia
969 1109 1057 1168 quam
1070 1095 1115 1149 est
1134 1090 1229 1148 Pater.
1269 1089 1364 1157 Unde,
1379 1107 1464 1158 cnm,

243 1191 282 1231 ²¹¹⁸
310 1192 445 1240 ffl⁰m⁹²¹⁰¹¹
458 1193 586 1252 Verbum
607 1194 646 1253 sit
666 1199 815 1271 assumpta
833 1195 1000 1254 humanitas
1012 1195 1080 1270 plus
1099 1195 1208 1253 diatono
1227 1213 1245 1252 a
1264 1193 1351 1252 Patre
1369 1199 1496 1269 qusmb
1613 1244 1619 1273 ,

244 1239 269 1280 or
323 1241 444 1293 bumantty,

243 1289 341 1380 w„
353 1291 444 1382 'illuit
457 1315 560 1372 empus
583 1298 620 1356 ab
643 1297 748 1372 anima,
771 1303 854 1374 patet
876 1298 954 1376 quod
976 1317 1030 1356 neo
1051 1301 1096 1357 est
1117 1298 1195 1356 color
1214 1294 1466 1356 concludere—Si

241 1389 444 1484 ffiiolfnfflffl
456 1399 553 1458 anima
577 1401 752 1476 competitur
765 1401 886 1478 corpori,
909 1421 976 1460 cum
997 1407 1123 1478 utraque
1149 1399 1189 1460 sit
1214 1401 1311 1460 eadem
1334 1417 1465 1476 persona

244 1491 295 1533 ⁸⁰¹²·
455 1502 597 1578 hominis;
619 1505 711 1581 quod²
723 1525 775 1582 per
793 1506 870 1566 idem
883 1506 972 1564 Pater
989 1505 1165 1581 compatitur
1181 1504 1363 1562 Filio—cum
1378 1503 1466 1562 inter

455 1625 503 1663 eos
517 1606 556 1666 sit
569 1607 720 1666 distinceio
733 1609 899 1684 personalis.
940 1609 1026 1668 Unde
1040 1609 1114 1668 tales
1131 1607 1315 1685 paralogismi
1333 1607 1463 1666 heretici

454 1710 522 1786 plus
535 1711 651 1786 placent
667 1712 753 1772 hodie
771 1717 832 1772 tam
852 1711 1007 1771 iuvenibus
1027 1732 1114 1790 qnam
1134 1711 1243 1770 adultis
1261 1731 1348 1788 quom
1369 1729 1462 1786 ergu-
1477 1723 1513 1776 lo

455 1819 555 1873 menta
588 1814 680 1874 solida
709 1815 926 1891 scripturarum.
981 1815 1067 1874 Unde
1094 1815 1294 1891 ignorantibus
1319 1821 1461 1874 naturam

242 1927 357 2018 ,lippum
382 1939 442 2021 pp&
454 1917 663 1977 universalium
697 1919 815 1978 videtur
849 1919 906 1978 ista
941 1919 1080 1978 deduccio
1113 1919 1268 1996 sophistica
1299 1918 1461 1978 insolubile

266 2041 363 2131 umppty
455 2021 733 2094 argumentum—Si
760 2023 867 2082 Petrus
891 2023 976 2095 ridet,
1003 2022 1112 2081 Paulus
1135 2022 1281 2094 comedit,⁸
1301 2026 1332 2080 et
1354 2021 1396 2080 sie
1418 2023 1460 2082 de

240 2128 442 2230 pffiempoffi
455 2124 520 2183 aliis
539 2125 652 2184 actibus
671 2126 888 2201 personalibus,
909 2131 939 2185 et
959 2125 1052 2184 omnis
1071 2126 1157 2184 homo
1175 2130 1220 2184 est
1239 2130 1346 2184 natura
1364 2125 1460 2202 speci·

239 2227 527 2320 {g‘ss'gffifflififfli
556 2247 624 2303 ergo
647 2227 699 2286 illa
720 2233 825 2287 natura
851 2229 985 2305 specifica
1007 2228 1048 2288 sic
1074 2228 1171 2288 ridet⁴
1198 2233 1250 2288 ont
1277 2229 1363 2288 aliter
1389 2235 1511 2305 per-15

240 2330 441 2430 pfflffdigffi
455 2330 592 2390 sonaliter
625 2333 851 2407 operetur-Et
883 2333 957 2392 tales
990 2331 1115 2406 orgucie,
1153 2331 1249 2391 locum
1282 2337 1313 2392 et
1338 2339 1459 2408 tempus

239 2428 441 2522 221221522‘253·
454 2438 635 2510 occupantes,
651 2439 764 2510 ponunt
777 2435 944 2512 placentes·
956 2435 1091 2511 plurimis
1111 2434 1143 2492 in
1162 2454 1316 2494 numerum
1337 2435 1458 2494 eviden-

240 2529 331 2571 ’Μ
453 2536 562 2596 ciarum
576 2537 778 2613 probabilium,
795 2539 844 2597 sed
858 2538 977 2597 indubie
998 2544 1033 2598 nt
1050 2538 1220 2597 Thersites.⁸
1259 2538 1343 2597 Alias
1356 2545 1457 2598 autem

451 2641 596 2699 declaravi
629 2641 661 2699 in
695 2642 816 2700 materia
848 2641 892 2700 Do
931 2641 1144 2714 Uulcanalibus,
1180 2643 1258 2719 quod
1295 2642 1457 2701 communis

451 2745 617 2804 humanitas
637 2763 695 2803 non
715 2744 792 2803 ridet
809 2745 858 2804 vel
878 2745 1009 2818 eomedit,
1026 2745 1159 2822 quemvis
1180 2746 1219 2805 sit
1237 2746 1369 2823 quelibet
1388 2765 1456 2824 per·
1470 2755 1509 2810 20
1616 2756 1620 2767 '

453 2867 522 2905 sone
547 2847 682 2918 hominis,
711 2867 768 2924 quc
796 2848 837 2906 sic
870 2847 951 2908 iacit.
1006 2849 1268 2925 correspondenter
1294 2851 1458 2910 eommunis

451 2949 545 3008 deitas
567 2969 626 3010 non
646 2949 741 3026 gignit
763 2971 817 3010 nec
841 2951 981 3026 gignitur,
1002 2971 1056 3011 nco
1078 2953 1186 3028 gaudet
1207 2953 1378 3013 humanitus
1401 2974 1457 3014 nee

452 3053 609 3127 tristatum
641 3055 775 3132 quemvis
802 3055 842 3115 sit
875 3057 962 3114 Pater
992 3056 1044 3134 qui
1078 3056 1182 3132 gignit,
1210 3057 1340 3118 Verbum
1375 3059 1457 3136 quod

453 3157 585 3232 gignitum
611 3162 642 3217 et
668 3159 826 3218 secundnm
852 3163 1033 3236 assumptum
1066 3160 1237 3220 hominem²
1265 3180 1351 3237 supro
1382 3162 1456 3222 elios

241 3274 298 3316 suco
363 3272 441 3324 lonso
454 3262 588 3320 mortales
602 3261 713 3339 patitur
726 3267 756 3321 et
772 3261 916 3322 tristatur.
957 3263 1043 3322 Tales
1063 3262 1264 3322 intrioaciones
1283 3265 1455 3340 sophisticas
1469 3279 1508 3333 25

240 3325 441 3425 peppppnpupp
454 3367 536 3424 decet
554 3365 716 3440 theologis⁸
738 3365 873 3425 evitando
894 3385 1071 3441 cognoscere,
1094 3387 1159 3426 cnm
1181 3367 1240 3426 sint
1259 3367 1456 3443 superficiales

240 3427 306 3518 iiiii.
329 3429 352 3466 ω
377 3425 442 3466 nvom
454 3469 561 3528 colores
581 3489 738 3528 venenosas
758 3470 873 3528 hereses
896 3469 1051 3546 palliantes
1078 3475 1109 3529 et
1138 3469 1270 3528 meantes
1298 3470 1331 3529 in
1360 3471 1456 3547 logica

453 3573 485 3631 in
508 3591 617 3632 errores
639 3573 780 3650 plurimos
806 3572 985 3632 inducentes.
1040 3573 1081 3633 Et
1105 3574 1160 3633 hee
1187 3577 1232 3632 est
1260 3573 1337 3632 racio
1364 3593 1455 3652 quare

453 3679 637 3754 Augustinus
656 3685 718 3739 tem
738 3679 836 3740 sedule
856 3679 960 3738 recitat
979 3680 1093 3739 hereses
1114 3680 1151 3739 de
1172 3679 1287 3740 Christo
1307 3699 1375 3738 cum
1394 3679 1455 3738 suis

454 3781 611 3842 evidenciis
623 3783 981 3842 uteauciuseaveantur.⁸
1466 3799 1506 3855 30

494 3885 551 3944 Sed
574 3885 651 3944 inter
671 3905 769 3944 omnes
791 3887 904 3944 hereses
928 3886 1101 3946 Nestoriana
1127 3891 1158 3946 et
1186 3885 1361 3946 Eutichiano
1384 3893 1456 3948 sunt

239 3949 537 4093 mmm
564 4008 597 4047 eo
618 3989 792 4064 diligencius
817 3991 1005 4065 precavende,
1032 4009 1089 4067 quo
1112 3991 1241 4066 theologi
1262 3992 1353 4050 eciam
1379 3991 1456 4068 ‘qui

328 4099 440 4143 (istit-⁰·
454 4093 591 4152 videntur
610 4091 738 4170 eliqnid’
761 4097 830 4153 suut
849 4093 908 4152 iam
927 4093 965 4152 ad
984 4093 1155 4170 sepiendum
1173 4095 1319 4172 predictos
1337 4095 1456 4154 hereses

282 4301 291 4334 ¹
308 4305 371 4352 osset
381 4299 402 4350 B
411 4301 439 4351 O.
448 4317 489 4363 pr.
502 4315 566 4349 man.
602 4299 630 4350 G.
644 4301 687 4350 alt.
701 4315 765 4349 man.
777 4303 823 4349 est.
987 4298 999 4331 ²
1016 4303 1041 4350 et
1053 4299 1082 4350 0.
1241 4299 1254 4333 ⁸
1269 4297 1377 4351 comedet
1389 4301 1419 4350 Ο.

280 4367 292 4400 ⁴
308 4366 346 4416 vel
357 4365 466 4416 comedet
475 4366 530 4416 cdd.
543 4365 574 4415 0.
639 4363 650 4396 ⁶
666 4363 789 4439 placenter
798 4365 832 4427 03
845 4365 956 4430 forsitan
967 4369 1090 4430 ponuntur
1098 4363 1218 4431 placentes
1229 4369 1307 4414 corius
1316 4367 1456 4428 byndoes?

277 4432 289 4464 ⁰
305 4431 399 4481 tarlrtss
412 4431 441 4481 0.
589 4427 599 4462 ²
616 4443 694 4479 omnm
707 4429 737 4478 0.
901 4427 912 4463 ⁸
929 4429 1069 4496 theologum
1083 4433 1112 4481 0.
1243 4431 1254 4464 ⁰
1269 4435 1397 4480 manu:
1408 4431 1438 4482 G.
