3250 5228
147 621 264 676 cmm]
484 622 529 671 DE
551 624 738 671 emuniens
759 622 1017 669 morasmoras.

148 800 212 860 tiva
225 801 276 862 vel
288 801 454 862 humanitas
471 801 528 862 Dei
540 801 597 862 aui.
638 801 670 862 Si
684 801 761 862 enim
774 821 879 876 magna
898 800 995 876 maria
1013 803 1058 860 est
1075 799 1154 877 quod

148 899 232 960 Deus
252 901 343 961 selit¹
364 902 500 979 adoptare
521 901 669 961 hominem
689 901 722 961 in
741 901 837 960 fllium
855 905 886 962 et
902 900 1049 973 heredem,
1067 901 1154 976 longe

147 1004 244 1062 maior
271 1009 317 1064 est
339 1005 418 1083 quod
436 1005 509 1066 velit
530 1009 691 1066 ereaturam
710 1005 879 1066 eternaliter
897 1004 1095 1082 predestinata
1122 1005 1155 1064 in

149 1125 234 1164 snam
247 1107 392 1184 propriam
404 1107 531 1168 animam
543 1108 592 1168 vel
604 1107 827 1168 humanitatem.

118 1209 136 1263 ⁵
189 1208 271 1269 Item
283 1210 369 1270 iuxta
381 1231 448 1289 sepe
461 1211 539 1272 dieta
552 1215 583 1272 et
595 1211 730 1271 diffudua
744 1211 891 1273 declarata
909 1211 1089 1290 impossibile
1109 1216 1154 1272 est

149 1311 282 1390 aliquam
295 1313 489 1373 substanciam
506 1315 589 1373 esee'
607 1312 758 1373 materiam
771 1314 841 1373 vel⁸
859 1313 982 1374 formam
997 1315 1045 1374 vel
1060 1314 1154 1374 exeis

149 1416 349 1492 pompedium,
370 1415 429 1475 nisi
451 1416 490 1476 sit
512 1413 668 1492 singularis
690 1415 818 1476 esseneia
838 1416 887 1476 sel
910 1437 1032 1494 persona
1050 1437 1104 1494 per
1123 1437 1154 1477 se

149 1519 303 1596 supposita
320 1519 443 1596 speeieiz
466 1519 516 1580 sed
535 1523 596 1580 um
614 1539 717 1597 eorpus
731 1519 841 1580 Christi
859 1539 947 1597 quem
970 1520 1034 1580 eius
1057 1519 1154 1581 anima
1166 1542 1243 1584 arua
1252 1545 1331 1584 mm
1343 1543 1367 1584 or

149 1623 210 1682 ruit
237 1643 290 1700 pro
316 1623 390 1682 uro‘
415 1623 512 1683 tenuo
542 1622 695 1682 unauna
728 1623 917 1682 subsanna:
947 1624 1062 1698 {grew
1094 1593 1367 1685 mttlssbfflffi

103 1731 138 1787 10
150 1727 281 1787 esseueia
292 1727 342 1786 rel
354 1746 476 1804 persona
488 1746 542 1804 per
554 1746 583 1786 se
597 1726 745 1804 supposita
758 1726 865 1803 speciei
878 1749 885 1786 ε
908 1730 940 1786 et
952 1747 1019 1787 eum
1039 1729 1155 1788 nullum
1166 1694 1232 1746 anm

150 1831 337 1908 suppositum
357 1834 453 1907 potest
471 1849 586 1890 manere
599 1829 700 1888 aliud⁸
722 1829 913 1907 suppositum,
930 1831 1063 1909 sequitur
1076 1832 1155 1909 quod

150 1939 279 2012 utraque
306 1935 423 1994 illarum
452 1937 622 1994 naturarum
641 1936 740 1993 manet
767 1933 846 1993 idem
871 1936 1054 2012 suppositum
1077 1936 1155 2013 qnod

149 2037 233 2110 iuit'
257 2037 353 2098 anima
372 2043 403 2098 et
428 2057 553 2115 corpore,
582 2038 790 2114 eopnlatum⁷2
825 2039 896 2097 'sed
914 2044 987 2099 tune
1006 2039 1066 2098 init
1086 2058 1153 2117 eup-

149 2143 280 2219 positnm
306 2141 455 2214 bominis,⁸
480 2161 547 2202 enm
568 2141 725 2202 cuiuslibet
750 2141 878 2202 hominis
903 2143 1093 2220 personalitas
1115 2143 1155 2204 sit

105 2241 138 2298 1⁵
150 2245 317 2323 supposieio
349 2245 502 2322 utriusque
535 2245 627 2322 partis
653 2245 850 2322 qualitative:
886 2245 1000 2322 igitur⁸
1028 2251 1154 2325 unaque

150 2354 259 2409 natura
272 2353 370 2408 manet
382 2349 477 2408 adhue
493 2349 592 2407 idem⁹
611 2348 793 2424 suppositum
810 2349 944 2422 hominis,
966 2355 997 2410 et
1015 2370 1069 2428 per
1087 2370 1154 2410 eon-

151 2472 278 2530 seqnens
299 2453 399 2512 eedem
421 2471 544 2529 persona
564 2452 663 2512 Verbi.
705 2452 744 2511 Et
767 2452 820 2511 illa
840 2453 917 2512 racio
936 2453 1013 2514 foret
1035 2454 1154 2514 evidens

152 2557 327 2634 unicumque
347 2555 395 2615 eui
412 2559 593 2632 assumptum
611 2554 787 2632 principium
802 2559 847 2616 est
865 2556 1024 2617 famosum:
1049 2558 1154 2619 ‘Unde

152 2662 225 2738 qnia
247 2662 284 2720 de
306 2659 417 2720 virtute
437 2659 610 2719 sermonis’:
633 2659 767 2738 sequitur
789 2680 827 2720 ex
848 2662 903 2721 boa
922 2662 1064 2740 principio
1087 2683 1155 2723 enm

104 2763 279 2824 adventata
302 2763 372 2823 fidei
398 2764 476 2842 quod
501 2767 562 2823 tam
588 2782 692 2840 eorpus
719 2763 828 2824 Christi
855 2785 943 2843 quam
969 2766 1032 2825 eius
1059 2767 1195 2826 animam

153 2868 373 2948 quantumlibet
404 2888 422 2926 a
449 2887 479 2926 se
513 2867 637 2927 inriuem
653 2869 673 2902 ¹⁰
701 2873 833 2946 separata
869 2869 936 2942 sint,
965 2875 1124 2949 utrumque
1134 2872 1153 2904 ¹¹
1167 2844 1207 2925 iis
1284 2895 1308 2926 a

153 2975 255 3034 eadem
267 2991 390 3049 persona
402 2969 536 3042 hominis,
552 2990 609 3048 qne
621 2971 772 3044 fuerant,¹¹
785 2972 928 3050 etpalata.
969 2974 1041 3033 Ideo
1055 2993 1154 3034 conee-

153 3077 285 3138 dendum
309 3079 354 3135 est
375 3074 454 3152 quod
472 3093 525 3152 pru
545 3074 644 3134 triduo
663 3075 825 3154 ypostatiee
842 3075 902 3135 sint
921 3076 1005 3136 nnita
1024 3082 1055 3137 et
1074 3081 1156 3154 patet

153 3181 297 3260 quomodo
310 3179 440 3239 Verbum
458 3198 518 3238 non
537 3183 632 3256 potest
651 3199 795 3238 assumere
809 3197 913 3255 eorpus
925 3185 1081 3254 mortuum,
1097 3180 1154 3239 nisi

105 3285 140 3342 25
153 3285 300 3346 mediante
327 3283 504 3343 aasumeione
536 3283 631 3343 anime
658 3282 832 3342 naturaliter
857 3283 1039 3360 preeedente.
1092 3282 1155 3344 Neu

153 3391 276 3449 alteram
298 3389 416 3448 illarum
435 3391 606 3446 naturarum
624 3391 720 3465 potest
739 3387 918 3457 assumere‚¹³
935 3387 993 3446 nisi
1013 3387 1101 3448 faeiat
1124 3408 1155 3448 se

153 3513 215 3554 esse
234 3493 345 3552 “illam
357 3495 501 3562 naturam,
516 3509 582 3549 eum
596 3491 679 3549 nulla
691 3489 745 3550 tali
758 3489 915 3565 distinguit
925 3490 946 3524 ¹⁶
960 3490 1155 3552 essentialiter

153 3597 202 3657 sel
229 3595 394 3673 specialiter
419 3593 612 3671 suppositaeio
638 3613 656 3652 a
678 3598 792 3653 natura.
842 3594 883 3652 Et
909 3598 991 3670 patet
1012 3593 1055 3652 3⁰.
1076 3595 1155 3671 qnod

152 3700 284 3760 Verbum
297 3719 356 3758 non
367 3703 464 3776 posset
476 3717 620 3758 assumam
633 3717 737 3775 eorpus
750 3703 780 3758 et
795 3697 922 3758 animam
941 3707 1081 3776 separata,
1097 3700 1154 3760 nisi

106 3805 141 3860 30
153 3803 263 3864 bearet
282 3823 312 3864 ee
332 3803 424 3864 esse¹⁴
445 3803 565 3863 eandem
584 3821 734 3880 personam
753 3822 810 3881 que
829 3802 952 3863 inerunt
971 3808 1032 3864 tam
1051 3824 1155 3882 eorpus

197 3996 347 4050 uuluae.
640 3996 822 4050 memo.
1093 3995 1269 4051 niverno.

196 4063 208 4094 ⁴
224 4062 266 4112 illo
278 4080 320 4112 m.
333 4061 385 4112 AB
396 4059 425 4113 (l.
639 4061 650 4094 ⁶
666 4077 724 4127 erge
736 4061 766 4112 0.
1092 4063 1103 4096 ⁸
1118 4062 1180 4114 illud
1191 4061 1221 4115 B.

196 4125 237 4224 ζέι
251 4127 332 4242 :pilus
343 4128 477 4241 inhearpors
488 4125 623 4239 muisdia&
635 4126 663 4176 0.
756 4192 779 4241 Δ

196 4229 356 4306 'adhnaoisi
369 4205 544 4308 Oimm'm
595 4207 754 4304 mliiibiiio
766 4253 794 4306 0.
1087 4253 1107 4288 ¹¹
1125 4258 1227 4321 amne
1238 4252 1266 4308 0.

187 4319 209 4353 ¹²
226 4321 305 4370 iuerat
316 4323 347 4370 0.
634 4317 655 4352 ¹⁵
856 4357 865 4374 .

187 4381 610 4437 ¹¹·1tiuan...esson.a130.
997 4383 1174 4446 rrleqosdml

667 4774 861 5208 ‘t
