3242 5258
92 552 151 594 car.
167 549 216 604 1.]
441 552 487 597 DE
509 549 697 598 namma
717 550 976 597 lacmamonu.

45 715 46 720 ἵ
94 735 238 809 aportat·
259 751 332 808 ergo
358 731 437 809 quod
468 729 521 790 illa
553 729 719 790 humanitas
749 729 811 790 ¹sit
835 729 913 789 idam
945 729 1041 802 homo,
1070 727 1122 806 qui

1322 836 1335 865 ι

96 941 307 1000 humanitas¹
328 943 374 1000 ast
393 938 576 1000 substancia¹
593 957 727 1016 corporea
742 939 895 999 rationalis
907 939 945 998 ad
956 938 1122 1017 ymaginem
1134 928 1249 1029 {xm
1263 875 1336 1027 :22:22

97 1043 159 1102 Dei
174 1043 282 1114 facta,
298 1047 330 1102 at
341 1043 416 1103 hoc'
429 1041 536 1102 sufficit
552 1043 589 1102 ad
607 1062 668 1102 assa
687 1042 814 1102 bominis
834 1043 993 1102 secundum
1006 1043 1123 1116 Augus-
1134 1029 1161 1120 ἵζ
1173 1027 1221 1126 ‘1³57‘
1226 1027 1336 1126 ’nimii

66 1148 208 1212 ttinum
224 1151 262 1208 at
278 1145 509 1206 Lincolniansam
528 1150 563 1205 ut
579 1149 663 1224 potat
679 1146 822 1223 superius.
863 1147 925 1208 Nec
943 1146 1023 1206 valet
1041 1144 1124 1204 fiata⁴
1136 1107 1337 1229 {ssffi'ffiffi

100 1251 249 1328 negocio,
277 1251 355 1330 quod
375 1250 416 1310 sic
434 1270 519 1310 namo
539 1257 615 1310 assat
633 1250 795 1310 formaliter
814 1250 995 1310 humanitate
1018 1229 1251 1324 bom03ffi¹¹ss¹²’
1313 1226 1338 1270 ⁰¹

101 1375 160 1415 nac
189 1356 229 1414 in
261 1359 407 1432 quantum
433 1355 519 1415 bomo
545 1357 622 1414 assat
647 1353 760 1432 aliquid
786 1355 834 1414 val
861 1354 985 1414 alicuius
1011 1352 1126 1428 generis

104 1459 217 1537 pocius
232 1479 329 1538 quam
342 1458 374 1517 in
387 1465 530 1537 quantum
547 1461 688 1534 peccator,
705 1458 782 1534 quod
795 1477 854 1518 nou
874 1461 1012 1518 consonat
1030 1457 1126 1533 philo·

107 1563 217 1641 sophis
242 1564 297 1622 val
320 1563 408 1636 fidei3
438 1581 506 1639 ymo
528 1581 614 1621 namo
637 1561 725 1621 sciret
747 1581 785 1620 an
806 1566 883 1621 assat
904 1562 1000 1622 homo.
1042 1559 1127 1627 Quod

60 1669 97 1724 10
110 1673 217 1726 autam
243 1667 303 1726 illa
323 1665 489 1725 humanitas
511 1665 550 1725 sit
573 1664 739 1724 substancia
758 1665 920 1739 racionalis,
943 1685 1041 1725 omncs
1060 1683 1127 1724 oon·

110 1771 248 1832 corditer
270 1771 457 1844 confitentur,
480 1789 546 1828 curn
565 1769 605 1829 ait
624 1769 801 1846 composita⁸
824 1789 863 1828 ax
882 1789 999 1847 corpora
1020 1767 1129 1829 Christi

113 1882 145 1936 at
168 1877 240 1936 eius
264 1875 373 1934 anima.
426 1875 508 1948 Ideo,
532 1873 557 1932 si
584 1874 636 1933 illa
658 1893 717 1933 non
738 1877 814 1934 assat
840 1874 1012 1948 substancia,
1035 1872 1128 1932 nasci·

112 1985 201 2040 ratur
222 1981 303 2058 quid
316 1983 400 2051 assat,
416 1983 468 2038 aut
486 1997 542 2055 quc
561 1977 619 2037 alia
635 1997 682 2037 ras
702 1981 778 2037 assat
797 1977 980 2052 substancia3
1002 1981 1034 2038 et
1051 1978 1131 2036 ultra

116 2084 251 2158 ridetur,
263 2103 333 2144 cum
341 2083 434 2142 omnis
442 2081 607 2142 substancia
616 2081 656 2141 sit
664 2082 828 2142 substancia
834 2082 929 2159 prima
936 2082 985 2142 val
993 2081 1129 2155 secunda,

72 2191 105 2244 15
117 2189 198 2264 quod
219 2189 278 2248 illa
296 2187 464 2246 humanitas
483 2186 522 2246 sit
538 2187 704 2246 substancia
722 2187 824 2263 prima,
841 2192 871 2246 at
888 2206 940 2263 par
953 2205 1132 2265 consequens

120 2289 314 2350 individuum
335 2289 441 2368 speciei
459 2290 509 2350 vel
528 2289 651 2365 generis.
703 2291 828 2349 Etcum
848 2309 907 2348 non
928 2290 1021 2350 solum
1041 2289 1132 2351 sitin

120 2412 229 2468 genem
263 2394 428 2454 substancia
454 2395 504 2454 val
536 2394 670 2472 corporis,
700 2395 773 2454 sad·
806 2394 929 2454 inferius
961 2395 993 2454 in
1026 2414 1131 2472 ganara

122 2498 272 2572 animalis,
300 2517 334 2558 ao
354 2499 431 2576 quod
451 2502 497 2558 ast
515 2499 654 2558 sensitiva
673 2502 704 2558 at
729 2498 883 2558 rationalis
905 2504 936 2560 at
958 2519 1010 2577 per
1033 2519 1132 2560 consa-

124 2619 220 2677 quens
253 2602 421 2662 substancia
455 2602 584 2662 ammata
616 2603 781 2678 sensibilis;
817 2603 950 2681 sequitur
982 2604 1061 2682 quod
1094 2605 1134 2664 sit

78 2711 114 2764 20
126 2706 246 2766 animal.
291 2706 359 2766 Non
381 2706 459 2766 enim
482 2711 527 2766 est
542 2706 624 2766 racio
648 2707 725 2785 quod
744 2707 864 2782 nagacio
887 2708 1004 2768 cadarat
1022 2707 1055 2766 in
1074 2708 1133 2767 dii·

127 2808 266 2872 tiniciona
292 2809 425 2869 animalis
446 2809 545 2886 pocius
568 2829 656 2888 quam
679 2810 710 2869 in
730 2809 907 2870 diffinicioua
934 2811 1133 2890 cuiuscunque

130 2915 309 2986 substancia,
325 2933 391 2974 cum
405 2913 497 2973 omnis
510 2913 667 2989 singularis
679 2915 845 2974 substancia
858 2915 898 2975 sit
912 2915 1102 2993 suppositum.

169 3017 378 3077 confirmatur.
418 3016 526 3076 Anima
544 3016 662 3089 Christi,
678 3037 790 3094 corpus,
805 3023 836 3078 at
858 3018 928 3078 unio
947 3037 1048 3078 eorum
1067 3037 1134 3078 oum
1147 3031 1198 3074 soal
1225 3032 1268 3074 aaa
1290 3031 1348 3084 soar

51 3119 120 3190 Μὰ]
133 3121 192 3180 suis
205 3120 452 3199 consequentibus
465 3120 614 3180 sufficiunt
629 3120 803 3198 principiam
821 3121 1033 3180 humanitatom
1050 3123 1056 3197 Ι
1073 3141 1134 3182 assa
1146 3083 1348 3186 {mantuana

1147 3185 1170 3226 tu
1191 3183 1229 3224 tha
1252 3193 1300 3224 cua
1325 3181 1351 3222 ot

88 3217 122 3272 25
133 3224 291 3298 bominem,
308 3230 338 3286 ct
351 3243 408 3284 non
426 3225 625 3302 impediuntur
641 3231 761 3302 proptor
773 3225 864 3285 Verbi
883 3225 1132 3286 incarnacionem:
1146 3232 1349 3325 ffltggffi

135 3347 201 3404 ergo
227 3331 265 3390 da
292 3330 371 3389 iacto
397 3329 581 3389 constituunt
606 3329 689 3388 illam
714 3329 746 3388 in
769 3350 830 3389 assa
856 3328 990 3389 hominis.
1040 3330 1136 3390 Maior
1147 3334 1274 3428 ffirrfggn
1293 3331 1348 3374 '¹²¹²

137 3437 216 3508 patet
230 3454 269 3494 ax
284 3433 415 3512 quolibet
432 3433 489 3492 alio
505 3432 621 3492 homins
639 3433 813 3510 principiato
833 3438 864 3494 at
881 3434 1063 3495 individuato
1084 3454 1136 3512 par

137 3553 238 3614 corpus
265 3543 297 3597 et
323 3537 448 3596 animam
473 3537 559 3596 unita
585 3557 651 3596 cum
678 3537 738 3596 suis
765 3539 1032 3616 consequentibus:
1066 3558 1135 3617 ymo

139 3638 254 3702 videtur
267 3643 345 3719 quod
358 3641 489 3700 absoluta
501 3639 661 3699 necessasia
679 3640 831 3717 sequituri
850 3641 952 3718 positia
969 3641 1034 3701 istis
1053 3641 1136 3719 prin·

95 3737 221 3820 ³0cipiis
243 3765 311 3806 cum
333 3745 441 3804 uniona
463 3743 601 3820 predicta,
628 3744 706 3822 quod
730 3744 916 3804 individuum
942 3747 1139 3806 constituatur

142 3845 172 3905 in
194 3850 298 3926 spacia.
346 3849 423 3908 Nam
444 3867 503 3907 non
525 3849 588 3908 ast'
610 3847 746 3925 possibile
768 3849 846 3926 quod
866 3850 979 3909 forma·
1000 3851 1138 3910 clamanti

142 3951 188 4010 val
212 3953 300 4013 mixti
326 3951 480 4012 inanimati
505 3951 642 4010 informet
654 3953 673 3986 ¹⁰
698 3953 947 4030 proporcionatam
975 3954 1136 4028 matonam,

146 4053 199 4114 uisi
223 4077 257 4117 eo
283 4057 346 4134 ipso
373 4056 568 4116 constituatur
594 4058 771 4116 clamantum
798 4057 847 4118 val
872 4055 1000 4116 mixtum
1025 4057 1059 4117 in
1085 4077 1138 4118 sua

187 4209 577 4264 ¹-¹sit...bumanitum.0.
714 4208 1032 4261 ’mammonam
1173 4209 1335 4262 ’masc

186 4275 197 4307 ⁴
212 4277 275 4328 iacta
285 4279 308 4326 A
319 4277 374 4326 Bc.
714 4275 724 4308 ⁸
742 4274 897 4340 compositum
910 4275 946 4336 B;
964 4275 1116 4342 componitur
1137 4291 1182 4325 om.
1194 4276 1235 4340 sit)
1249 4277 1277 4327 0.

188 4339 413 4458 imita.
705 4339 954 4457 imit.
1159 4341 1353 4393 ²⁰²“‘⁰··⁰·

1182 4497 1212 4546 12
