<?xml version="1.0" encoding="UTF-8"?>
<!DOCTYPE html PUBLIC "-//W3C//DTD XHTML 1.0 Transitional//EN"
    "http://www.w3.org/TR/xhtml1/DTD/xhtml1-transitional.dtd">
<html xmlns="http://www.w3.org/1999/xhtml" xml:lang="en" lang="en">
 <head>
  <title>
</title>
<meta http-equiv="Content-Type" content="text/html;charset=utf-8" />
  <meta name='ocr-system' content='tesseract 3.04.00' />
  <meta name='ocr-capabilities' content='ocr_page ocr_carea ocr_par ocr_line ocrx_word'/>
</head>
<body>
  <div class='ocr_page' id='page_1' title='image "./johanniswyclift03wyclgoog_0087.png"; bbox 0 0 3250 5228; ppageno 0'>
   <div class='ocr_carea' id='block_1_1' title="bbox 129 535 1009 590">
    <p class='ocr_par' dir='ltr' id='par_1_1' title="bbox 129 535 1009 590">
     <span class='ocr_line' id='line_1_1' title="bbox 129 535 1009 590; baseline 0.009 -11"><span class='ocrx_word' id='word_1_1' title='bbox 129 535 256 590; x_wconf 62' lang='lat' dir='ltr'><strong>calli]</strong></span> <span class='ocrx_word' id='word_1_2' title='bbox 476 540 521 586; x_wconf 75' lang='grc' dir='ltr'><strong>ΒΕ</strong></span> <span class='ocrx_word' id='word_1_3' title='bbox 544 540 730 586; x_wconf 72' lang='lat' dir='ltr'><strong>nannum</strong></span> <span class='ocrx_word' id='word_1_4' title='bbox 752 541 1009 588; x_wconf 71' lang='lat' dir='ltr'><strong>innumerouu.</strong></span> 
     </span>
    </p>
   </div>
   <div class='ocr_carea' id='block_1_2' title="bbox 34 716 1391 4020">
    <p class='ocr_par' dir='ltr' id='par_1_2' title="bbox 34 716 1391 4020">
     <span class='ocr_line' id='line_1_2' title="bbox 130 716 1143 796; baseline 0.001 -20"><span class='ocrx_word' id='word_1_5' title='bbox 130 717 234 778; x_wconf 84' lang='lat' dir='ltr'><strong>doato.</strong></span> <span class='ocrx_word' id='word_1_6' title='bbox 275 716 374 778; x_wconf 84' lang='lat' dir='ltr'><strong>Primo</strong></span> <span class='ocrx_word' id='word_1_7' title='bbox 393 716 495 778; x_wconf 75' lang='grc' dir='ltr'><strong>ιιιοεῑοι</strong></span> <span class='ocrx_word' id='word_1_8' title='bbox 516 721 562 778; x_wconf 84' lang='lat' dir='ltr'><strong>eet</strong></span> <span class='ocrx_word' id='word_1_9' title='bbox 581 737 658 778; x_wconf 81' lang='lat' dir='ltr'><strong>more</strong></span> <span class='ocrx_word' id='word_1_10' title='bbox 671 717 782 778; x_wconf 81' lang='lat' dir='ltr'><strong>Christi</strong></span> <span class='ocrx_word' id='word_1_11' title='bbox 801 718 899 778; x_wconf 79' lang='lat' dir='ltr'><strong>subita</strong></span> <span class='ocrx_word' id='word_1_12' title='bbox 917 739 977 779; x_wconf 94' lang='lat' dir='ltr'><strong>non</strong></span> <span class='ocrx_word' id='word_1_13' title='bbox 995 717 1143 796; x_wconf 77' lang='lat' dir='ltr'><strong>possibilie</strong></span> 
     </span>
     <span class='ocr_line' id='line_1_3' title="bbox 130 819 1144 898; baseline 0.003 -19"><span class='ocrx_word' id='word_1_14' title='bbox 130 819 239 880; x_wconf 84' lang='lat' dir='ltr'><strong>iterari</strong></span> <span class='ocrx_word' id='word_1_15' title='bbox 252 821 323 882; x_wconf 89' lang='lat' dir='ltr'><strong>licet</strong></span> <span class='ocrx_word' id='word_1_16' title='bbox 337 821 470 881; x_wconf 78' lang='lat' dir='ltr'><strong>Christus</strong></span> <span class='ocrx_word' id='word_1_17' title='bbox 487 821 657 882; x_wconf 67' lang='lat' dir='ltr'><strong>eternaliter</strong></span> <span class='ocrx_word' id='word_1_18' title='bbox 675 824 773 898; x_wconf 82' lang='lat' dir='ltr'><strong>potest</strong></span> <span class='ocrx_word' id='word_1_19' title='bbox 791 821 874 880; x_wconf 87' lang='lat' dir='ltr'><strong>mori.</strong></span> <span class='ocrx_word' id='word_1_20' title='bbox 916 820 960 880; x_wconf 82' lang='lat'><strong>2⁰.</strong></span> <span class='ocrx_word' id='word_1_21' title='bbox 975 821 1059 882; x_wconf 89' lang='lat' dir='ltr'><strong>modo</strong></span> <span class='ocrx_word' id='word_1_22' title='bbox 1080 823 1144 882; x_wconf 83' lang='lat' dir='ltr'><strong>eet&#39;</strong></span> 
     </span>
     <span class='ocr_line' id='line_1_4' title="bbox 130 923 1143 1001; baseline 0 -17"><span class='ocrx_word' id='word_1_23' title='bbox 130 943 216 984; x_wconf 82' lang='lat' dir='ltr'><strong>more</strong></span> <span class='ocrx_word' id='word_1_24' title='bbox 234 925 380 998; x_wconf 83' lang='lat' dir='ltr'><strong>triduana,</strong></span> <span class='ocrx_word' id='word_1_25' title='bbox 396 925 472 984; x_wconf 72' lang='lat' dir='ltr'><strong>sicut</strong></span> <span class='ocrx_word' id='word_1_26' title='bbox 491 943 595 1001; x_wconf 83' lang='lat' dir='ltr'><strong>corpue</strong></span> <span class='ocrx_word' id='word_1_27' title='bbox 613 923 833 1001; x_wconf 79' lang='lat' dir='ltr'>incorruptibile</span> <span class='ocrx_word' id='word_1_28' title='bbox 852 924 1050 1001; x_wconf 86' lang='lat' dir='ltr'><strong>pertriduum</strong></span> <span class='ocrx_word' id='word_1_29' title='bbox 1063 928 1143 984; x_wconf 85' lang='lat' dir='ltr'><strong>caret</strong></span> 
     </span>
     <span class='ocr_line' id='line_1_5' title="bbox 131 1027 1144 1106; baseline 0.002 -20"><span class='ocrx_word' id='word_1_30' title='bbox 131 1027 210 1101; x_wconf 78' lang='lat' dir='ltr'><strong>vito,</strong></span> <span class='ocrx_word' id='word_1_31' title='bbox 235 1027 313 1087; x_wconf 83' lang='lat' dir='ltr'><strong>oicut</strong></span> <span class='ocrx_word' id='word_1_32' title='bbox 337 1028 499 1088; x_wconf 75' lang='lat' dir='ltr'><strong>nechabet</strong></span> <span class='ocrx_word' id='word_1_33' title='bbox 521 1029 672 1087; x_wconf 77' lang='lat' dir='ltr'><strong>tenebram</strong></span> <span class='ocrx_word' id='word_1_34' title='bbox 696 1027 873 1100; x_wconf 86' lang='lat' dir='ltr'><strong>triduanam,</strong></span> <span class='ocrx_word' id='word_1_35' title='bbox 899 1031 929 1087; x_wconf 85' lang='lat' dir='ltr'><strong>et</strong></span> <span class='ocrx_word' id='word_1_36' title='bbox 955 1027 1032 1088; x_wconf 81' lang='lat' dir='ltr'><strong>siout</strong></span> <span class='ocrx_word' id='word_1_37' title='bbox 1058 1033 1144 1106; x_wconf 81' lang='lat' dir='ltr'><strong>peter</strong></span> 
     </span>
     <span class='ocr_line' id='line_1_6' title="bbox 97 1129 1143 1213; baseline -0.002 -20"><span class='ocrx_word' id='word_1_38' title='bbox 97 1139 117 1194; x_wconf 75' lang='grc'><strong><em>5</em></strong></span> <span class='ocrx_word' id='word_1_39' title='bbox 133 1150 254 1207; x_wconf 78' lang='lat' dir='ltr'><strong>semper</strong></span> <span class='ocrx_word' id='word_1_40' title='bbox 273 1130 387 1206; x_wconf 76' lang='lat' dir='ltr'><strong>gignit¹</strong></span> <span class='ocrx_word' id='word_1_41' title='bbox 400 1129 511 1213; x_wconf 83' lang='lat' dir='ltr'><strong>lilium,</strong></span> <span class='ocrx_word' id='word_1_42' title='bbox 527 1130 570 1188; x_wconf 85' lang='lat' dir='ltr'><strong>eol</strong></span> <span class='ocrx_word' id='word_1_43' title='bbox 584 1149 695 1206; x_wconf 77' lang='lat' dir='ltr'><strong>semper</strong></span> <span class='ocrx_word' id='word_1_44' title='bbox 706 1129 843 1208; x_wconf 81' lang='lat' dir='ltr'><strong>producit</strong></span> <span class='ocrx_word' id='word_1_45' title='bbox 856 1129 957 1188; x_wconf 87' lang='lat' dir='ltr'><strong>lumen</strong></span> <span class='ocrx_word' id='word_1_46' title='bbox 970 1135 1001 1190; x_wconf 85' lang='lat' dir='ltr'><strong>et</strong></span> <span class='ocrx_word' id='word_1_47' title='bbox 1014 1131 1143 1191; x_wconf 89' lang='lat' dir='ltr'><strong>medium</strong></span> 
     </span>
     <span class='ocr_line' id='line_1_7' title="bbox 132 1233 1143 1313; baseline 0.002 -19"><span class='ocrx_word' id='word_1_48' title='bbox 132 1255 191 1313; x_wconf 88' lang='lat' dir='ltr'><strong>per</strong></span> <span class='ocrx_word' id='word_1_49' title='bbox 204 1239 322 1312; x_wconf 75' lang='lat' dir='ltr'><strong>tempus</strong></span> <span class='ocrx_word' id='word_1_50' title='bbox 333 1235 467 1312; x_wconf 82' lang='lat' dir='ltr'><strong>privetur</strong></span> <span class='ocrx_word' id='word_1_51' title='bbox 481 1234 602 1307; x_wconf 86' lang='lat' dir='ltr'><strong>lumine,</strong></span> <span class='ocrx_word' id='word_1_52' title='bbox 617 1233 688 1294; x_wconf 91' lang='lat' dir='ltr'><strong>licet</strong></span> <span class='ocrx_word' id='word_1_53' title='bbox 701 1234 853 1312; x_wconf 83' lang='lat' dir='ltr'><strong>quodlibet</strong></span> <span class='ocrx_word' id='word_1_54' title='bbox 866 1234 988 1294; x_wconf 79' lang='lat' dir='ltr'><strong>ictorum</strong></span> <span class='ocrx_word' id='word_1_55' title='bbox 1000 1236 1143 1313; x_wconf 87' lang='lat' dir='ltr'><strong>complete</strong></span> 
     </span>
     <span class='ocr_line' id='line_1_8' title="bbox 132 1339 1143 1418; baseline 0.003 -20"><span class='ocrx_word' id='word_1_56' title='bbox 132 1339 277 1398; x_wconf 81' lang='lat' dir='ltr'><strong>continue</strong></span> <span class='ocrx_word' id='word_1_57' title='bbox 291 1340 344 1399; x_wconf 75' lang='lat' dir='ltr'><strong>ait⁴</strong></span> <span class='ocrx_word' id='word_1_58' title='bbox 357 1341 540 1416; x_wconf 87' lang='lat' dir='ltr'><strong>productum.</strong></span> <span class='ocrx_word' id='word_1_59' title='bbox 572 1339 620 1400; x_wconf 84' lang='lat' dir='ltr'><strong>Sic</strong></span> <span class='ocrx_word' id='word_1_60' title='bbox 632 1339 766 1399; x_wconf 76' lang='lat' dir='ltr'><strong>(llarietue</strong></span> <span class='ocrx_word' id='word_1_61' title='bbox 779 1340 817 1398; x_wconf 88' lang='lat' dir='ltr'><strong>ed</strong></span> <span class='ocrx_word' id='word_1_62' title='bbox 832 1360 948 1400; x_wconf 80' lang='lat' dir='ltr'><strong>coneum</strong></span> <span class='ocrx_word' id='word_1_63' title='bbox 961 1341 1143 1418; x_wconf 73' lang='lat' dir='ltr'><strong>expositum¹</strong></span> 
     </span>
     <span class='ocr_line' id='line_1_9' title="bbox 133 1442 1143 1519; baseline 0 -17"><span class='ocrx_word' id='word_1_64' title='bbox 133 1442 277 1502; x_wconf 83' lang='lat' dir='ltr'><strong>continue</strong></span> <span class='ocrx_word' id='word_1_65' title='bbox 290 1443 412 1503; x_wconf 88' lang='lat' dir='ltr'><strong>moritur</strong></span> <span class='ocrx_word' id='word_1_66' title='bbox 424 1462 477 1519; x_wconf 88' lang='lat' dir='ltr'><strong>per</strong></span> <span class='ocrx_word' id='word_1_67' title='bbox 488 1443 569 1502; x_wconf 87' lang='lat' dir='ltr'><strong>iatud</strong></span> <span class='ocrx_word' id='word_1_68' title='bbox 581 1442 713 1502; x_wconf 87' lang='lat' dir='ltr'><strong>triduum</strong></span> <span class='ocrx_word' id='word_1_69' title='bbox 727 1447 757 1502; x_wconf 89' lang='lat' dir='ltr'><strong>et</strong></span> <span class='ocrx_word' id='word_1_70' title='bbox 769 1443 859 1502; x_wconf 84' lang='lat' dir='ltr'><strong>habet</strong></span> <span class='ocrx_word' id='word_1_71' title='bbox 872 1442 1006 1519; x_wconf 75' lang='lat' dir='ltr'><strong>simplum</strong></span> <span class='ocrx_word' id='word_1_72' title='bbox 1020 1448 1143 1502; x_wconf 87' lang='lat' dir='ltr'><strong>mortem</strong></span> 
     </span>
     <span class='ocr_line' id='line_1_10' title="bbox 130 1545 1144 1624; baseline 0.002 -20"><span class='ocrx_word' id='word_1_73' title='bbox 130 1545 313 1618; x_wconf 84' lang='lat' dir='ltr'><strong>triduanam,</strong></span> <span class='ocrx_word' id='word_1_74' title='bbox 334 1546 410 1606; x_wconf 88' lang='lat' dir='ltr'><strong>eiout</strong></span> <span class='ocrx_word' id='word_1_75' title='bbox 429 1545 580 1624; x_wconf 78' lang='lat' dir='ltr'><strong>dampnati</strong></span> <span class='ocrx_word' id='word_1_76' title='bbox 598 1547 709 1606; x_wconf 87' lang='lat' dir='ltr'><strong>habeut</strong></span> <span class='ocrx_word' id='word_1_77' title='bbox 727 1549 850 1605; x_wconf 82' lang='lat' dir='ltr'><strong>mortem</strong></span> <span class='ocrx_word' id='word_1_78' title='bbox 869 1550 1049 1622; x_wconf 84' lang='lat' dir='ltr'><strong>perpetuam.</strong></span> <span class='ocrx_word' id='word_1_79' title='bbox 1089 1546 1144 1606; x_wconf 77' lang='lat' dir='ltr'><strong>Est</strong></span> 
     </span>
     <span class='ocr_line' id='line_1_11' title="bbox 81 1648 1140 1727; baseline -0.008 -11"><span class='ocrx_word' id='word_1_80' title='bbox 81 1661 119 1716; x_wconf 91' lang='grc'><strong>10</strong></span> <span class='ocrx_word' id='word_1_81' title='bbox 133 1669 208 1725; x_wconf 77' lang='lat' dir='ltr'><strong>ergo</strong></span> <span class='ocrx_word' id='word_1_82' title='bbox 222 1649 355 1709; x_wconf 77' lang='lat' dir='ltr'><strong>(lhriatue</strong></span> <span class='ocrx_word' id='word_1_83' title='bbox 367 1649 497 1709; x_wconf 83' lang='lat' dir='ltr'><strong>mortalia</strong></span> <span class='ocrx_word' id='word_1_84' title='bbox 508 1669 561 1727; x_wconf 87' lang='lat' dir='ltr'><strong>pro</strong></span> <span class='ocrx_word' id='word_1_85' title='bbox 574 1649 626 1708; x_wconf 91' lang='lat' dir='ltr'><strong>illo</strong></span> <span class='ocrx_word' id='word_1_86' title='bbox 639 1649 737 1709; x_wconf 86' lang='lat' dir='ltr'><strong>triduo</strong></span> <span class='ocrx_word' id='word_1_87' title='bbox 751 1668 817 1707; x_wconf 89' lang='lat' dir='ltr'><strong>oum</strong></span> <span class='ocrx_word' id='word_1_88' title='bbox 831 1649 955 1708; x_wconf 89' lang='lat' dir='ltr'><strong>moritur</strong></span> <span class='ocrx_word' id='word_1_89' title='bbox 967 1648 1000 1708; x_wconf 90' lang='lat' dir='ltr'><strong>in</strong></span> <span class='ocrx_word' id='word_1_90' title='bbox 1012 1648 1140 1709; x_wconf 78' lang='lat' dir='ltr'><strong>effect-u:</strong></span> 
     </span>
     <span class='ocr_line' id='line_1_12' title="bbox 131 1750 1325 1830; baseline 0 -17"><span class='ocrx_word' id='word_1_91' title='bbox 131 1773 197 1813; x_wconf 90' lang='lat' dir='ltr'><strong>non</strong></span> <span class='ocrx_word' id='word_1_92' title='bbox 218 1755 315 1830; x_wconf 76' lang='lat' dir='ltr'><strong>potest</strong></span> <span class='ocrx_word' id='word_1_93' title='bbox 337 1757 435 1812; x_wconf 77' lang='lat' dir='ltr'><strong>tamen</strong></span> <span class='ocrx_word' id='word_1_94' title='bbox 457 1752 515 1812; x_wconf 83' lang='lat' dir='ltr'><strong>uiui</strong></span> <span class='ocrx_word' id='word_1_95' title='bbox 536 1752 714 1812; x_wconf 75' lang='lat' dir='ltr'><strong>solummodo</strong></span> <span class='ocrx_word' id='word_1_96' title='bbox 738 1752 826 1811; x_wconf 80' lang='lat' dir='ltr'><strong>semel</strong></span> <span class='ocrx_word' id='word_1_97' title='bbox 851 1751 934 1810; x_wconf 87' lang='lat' dir='ltr'><strong>mori</strong></span> <span class='ocrx_word' id='word_1_98' title='bbox 976 1752 1031 1811; x_wconf 80' lang='lat' dir='ltr'><strong>Est</strong></span> <span class='ocrx_word' id='word_1_99' title='bbox 1051 1750 1325 1813; x_wconf 69' lang='lat' dir='ltr'><strong>columnatam.</strong></span> 
     </span>
     <span class='ocr_line' id='line_1_13' title="bbox 132 1855 1143 1936; baseline -0.004 -19"><span class='ocrx_word' id='word_1_100' title='bbox 132 1857 312 1918; x_wconf 81' lang='lat' dir='ltr'><strong>immortalia</strong></span> <span class='ocrx_word' id='word_1_101' title='bbox 330 1877 383 1936; x_wconf 87' lang='lat' dir='ltr'><strong>pro</strong></span> <span class='ocrx_word' id='word_1_102' title='bbox 402 1857 455 1916; x_wconf 92' lang='lat' dir='ltr'><strong>illo</strong></span> <span class='ocrx_word' id='word_1_103' title='bbox 473 1856 591 1916; x_wconf 75' lang='lat' dir='ltr'><strong>triduo⁸</strong></span> <span class='ocrx_word' id='word_1_104' title='bbox 605 1856 676 1934; x_wconf 85' lang='lat' dir='ltr'><strong>quin</strong></span> <span class='ocrx_word' id='word_1_105' title='bbox 695 1859 740 1916; x_wconf 82' lang='lat' dir='ltr'><strong>eet</strong></span> <span class='ocrx_word' id='word_1_106' title='bbox 759 1855 880 1932; x_wconf 75' lang='lat' dir='ltr'><strong>spiritua</strong></span> <span class='ocrx_word' id='word_1_107' title='bbox 899 1856 1007 1928; x_wconf 80' lang='lat' dir='ltr'><strong>Ieeuo,²</strong></span> <span class='ocrx_word' id='word_1_108' title='bbox 1020 1855 1073 1933; x_wconf 89' lang='lat' dir='ltr'><strong>qui</strong></span> <span class='ocrx_word' id='word_1_109' title='bbox 1089 1874 1143 1914; x_wconf 90' lang='lat' dir='ltr'><strong>neo</strong></span> 
     </span>
     <span class='ocr_line' id='line_1_14' title="bbox 131 1959 805 2041; baseline -0.006 -19"><span class='ocrx_word' id='word_1_110' title='bbox 131 1967 235 2041; x_wconf 72' lang='lat' dir='ltr'><strong>potent</strong></span> <span class='ocrx_word' id='word_1_111' title='bbox 248 1961 323 2021; x_wconf 87' lang='lat' dir='ltr'><strong>mori</strong></span> <span class='ocrx_word' id='word_1_112' title='bbox 335 1959 522 2039; x_wconf 73' lang='lat' dir='ltr'><strong>corporaliter</strong></span> <span class='ocrx_word' id='word_1_113' title='bbox 534 1979 588 2020; x_wconf 88' lang='lat' dir='ltr'><strong>neo</strong></span> <span class='ocrx_word' id='word_1_114' title='bbox 602 1959 805 2036; x_wconf 78' lang='lat' dir='ltr'><strong>spiritualiter.</strong></span> 
     </span>
     <span class='ocr_line' id='line_1_15' title="bbox 175 2065 1356 2162; baseline -0.006 -31"><span class='ocrx_word' id='word_1_115' title='bbox 175 2071 220 2130; x_wconf 83' lang='lat' dir='ltr'><strong>Et</strong></span> <span class='ocrx_word' id='word_1_116' title='bbox 232 2071 258 2130; x_wconf 81' lang='lat' dir='ltr'><strong>ai</strong></span> <span class='ocrx_word' id='word_1_117' title='bbox 270 2070 396 2130; x_wconf 83' lang='lat' dir='ltr'><strong>obicitur</strong></span> <span class='ocrx_word' id='word_1_118' title='bbox 412 2069 492 2147; x_wconf 89' lang='lat' dir='ltr'><strong>quod</strong></span> <span class='ocrx_word' id='word_1_119' title='bbox 508 2068 557 2128; x_wconf 91' lang='lat' dir='ltr'><strong>hio</strong></span> <span class='ocrx_word' id='word_1_120' title='bbox 575 2069 742 2145; x_wconf 89' lang='lat' dir='ltr'><strong>predicatur</strong></span> <span class='ocrx_word' id='word_1_121' title='bbox 761 2066 926 2144; x_wconf 81' lang='lat' dir='ltr'><strong>oppositum</strong></span> <span class='ocrx_word' id='word_1_122' title='bbox 941 2066 977 2126; x_wconf 90' lang='lat' dir='ltr'><strong>de</strong></span> <span class='ocrx_word' id='word_1_123' title='bbox 994 2065 1142 2144; x_wconf 78' lang='lat' dir='ltr'><strong>opposit03</strong></span> <span class='ocrx_word' id='word_1_124' title='bbox 1154 2069 1204 2162; x_wconf 40' lang='grc' dir='ltr'>ᾖ</span> <span class='ocrx_word' id='word_1_125' title='bbox 1217 2069 1356 2162; x_wconf 45' lang='lat' dir='ltr'><strong>temtum</strong></span> 
     </span>
     <span class='ocr_line' id='line_1_16' title="bbox 83 2169 1391 2252; baseline -0.007 -15"><span class='ocrx_word' id='word_1_126' title='bbox 83 2183 119 2238; x_wconf 86' lang='lat'><strong>15</strong></span> <span class='ocrx_word' id='word_1_127' title='bbox 132 2176 225 2235; x_wconf 87' lang='lat' dir='ltr'><strong>homo</strong></span> <span class='ocrx_word' id='word_1_128' title='bbox 238 2174 369 2234; x_wconf 72' lang='lat' dir='ltr'><strong>mortalis</strong></span> <span class='ocrx_word' id='word_1_129' title='bbox 381 2194 434 2252; x_wconf 92' lang='lat' dir='ltr'><strong>pro</strong></span> <span class='ocrx_word' id='word_1_130' title='bbox 447 2174 503 2233; x_wconf 89' lang='lat' dir='ltr'><strong>hoc</strong></span> <span class='ocrx_word' id='word_1_131' title='bbox 515 2169 657 2232; x_wconf 76' lang='lat' dir='ltr'><strong>iactanti·</strong></span> <span class='ocrx_word' id='word_1_132' title='bbox 671 2175 716 2230; x_wconf 84' lang='lat' dir='ltr'><strong>eat</strong></span> <span class='ocrx_word' id='word_1_133' title='bbox 731 2173 817 2230; x_wconf 87' lang='lat' dir='ltr'><strong>homo</strong></span> <span class='ocrx_word' id='word_1_134' title='bbox 831 2170 1021 2244; x_wconf 78' lang='lat' dir='ltr'><strong>immortalie3</strong></span> <span class='ocrx_word' id='word_1_135' title='bbox 1035 2169 1145 2230; x_wconf 87' lang='lat' dir='ltr'><strong>dicitur</strong></span> <span class='ocrx_word' id='word_1_136' title='bbox 1155 2170 1269 2213; x_wconf 51' lang='lat'><strong>²¹⁰0*-</strong></span> <span class='ocrx_word' id='word_1_137' title='bbox 1383 2229 1391 2243; x_wconf 72' lang='grc'><strong>,</strong></span> 
     </span>
     <span class='ocr_line' id='line_1_17' title="bbox 133 2273 1144 2357; baseline -0.005 -18"><span class='ocrx_word' id='word_1_138' title='bbox 133 2279 217 2357; x_wconf 88' lang='lat' dir='ltr'><strong>quod</strong></span> <span class='ocrx_word' id='word_1_139' title='bbox 236 2298 340 2338; x_wconf 76' lang='lat' dir='ltr'><strong>verum</strong></span> <span class='ocrx_word' id='word_1_140' title='bbox 360 2280 413 2338; x_wconf 81' lang='lat' dir='ltr'><strong>eet.</strong></span> <span class='ocrx_word' id='word_1_141' title='bbox 463 2277 535 2336; x_wconf 88' lang='lat' dir='ltr'><strong>Ideo</strong></span> <span class='ocrx_word' id='word_1_142' title='bbox 554 2274 700 2336; x_wconf 74' lang='lat' dir='ltr'><strong>conclusio</strong></span> <span class='ocrx_word' id='word_1_143' title='bbox 720 2278 765 2334; x_wconf 84' lang='lat' dir='ltr'><strong>eet</strong></span> <span class='ocrx_word' id='word_1_144' title='bbox 781 2273 976 2351; x_wconf 80' lang='lat' dir='ltr'><strong>impossibilis.</strong></span> <span class='ocrx_word' id='word_1_145' title='bbox 1017 2274 1080 2333; x_wconf 84' lang='lat' dir='ltr'><strong>Nec</strong></span> <span class='ocrx_word' id='word_1_146' title='bbox 1099 2278 1144 2335; x_wconf 82' lang='lat' dir='ltr'><strong>eet</strong></span> 
     </span>
     <span class='ocr_line' id='line_1_18' title="bbox 134 2377 1144 2459; baseline -0.007 -16"><span class='ocrx_word' id='word_1_147' title='bbox 134 2383 217 2444; x_wconf 85' lang='lat' dir='ltr'><strong>color</strong></span> <span class='ocrx_word' id='word_1_148' title='bbox 237 2382 270 2442; x_wconf 91' lang='lat' dir='ltr'><strong>in</strong></span> <span class='ocrx_word' id='word_1_149' title='bbox 291 2381 348 2442; x_wconf 81' lang='lat' dir='ltr'><strong>icto</strong></span> <span class='ocrx_word' id='word_1_150' title='bbox 374 2380 565 2459; x_wconf 76' lang='lat' dir='ltr'><strong>paralogismo</strong></span> <span class='ocrx_word' id='word_1_151' title='bbox 578 2398 696 2454; x_wconf 76' lang='lat' dir='ltr'><strong>:-ergo</strong></span> <span class='ocrx_word' id='word_1_152' title='bbox 718 2379 804 2437; x_wconf 86' lang='lat' dir='ltr'><strong>homo</strong></span> <span class='ocrx_word' id='word_1_153' title='bbox 831 2377 962 2436; x_wconf 82' lang='lat' dir='ltr'><strong>mortalia</strong></span> <span class='ocrx_word' id='word_1_154' title='bbox 988 2380 1033 2437; x_wconf 84' lang='lat' dir='ltr'><strong>eet</strong></span> <span class='ocrx_word' id='word_1_155' title='bbox 1058 2378 1144 2436; x_wconf 86' lang='lat' dir='ltr'><strong>homo</strong></span> 
     </span>
     <span class='ocr_line' id='line_1_19' title="bbox 133 2480 1145 2546; baseline -0.008 0"><span class='ocrx_word' id='word_1_156' title='bbox 133 2485 311 2546; x_wconf 81' lang='lat' dir='ltr'><strong>immortalia</strong></span> <span class='ocrx_word' id='word_1_157' title='bbox 324 2519 360 2530; x_wconf 93' lang='lat'>-</span> <span class='ocrx_word' id='word_1_158' title='bbox 375 2485 431 2545; x_wconf 80' lang='lat' dir='ltr'><strong>iate</strong></span> <span class='ocrx_word' id='word_1_159' title='bbox 462 2485 548 2543; x_wconf 89' lang='lat' dir='ltr'><strong>homo</strong></span> <span class='ocrx_word' id='word_1_160' title='bbox 580 2481 724 2541; x_wconf 85' lang='lat' dir='ltr'><strong>Dominae</strong></span> <span class='ocrx_word' id='word_1_161' title='bbox 757 2481 841 2539; x_wconf 85' lang='lat' dir='ltr'><strong>Iceue</strong></span> <span class='ocrx_word' id='word_1_162' title='bbox 874 2484 920 2539; x_wconf 85' lang='lat' dir='ltr'><strong>eet</strong></span> <span class='ocrx_word' id='word_1_163' title='bbox 951 2499 1029 2539; x_wconf 89' lang='lat' dir='ltr'><strong>nuno</strong></span> <span class='ocrx_word' id='word_1_164' title='bbox 1058 2480 1145 2539; x_wconf 90' lang='lat' dir='ltr'><strong>homo</strong></span> 
     </span>
     <span class='ocr_line' id='line_1_20' title="bbox 34 2584 1144 2664; baseline -0.001 -20"><span class='ocrx_word' id='word_1_165' title='bbox 34 2591 121 2664; x_wconf 68' lang='lat' dir='ltr'><strong>[tuln]</strong></span> <span class='ocrx_word' id='word_1_166' title='bbox 134 2591 279 2662; x_wconf 82' lang='lat' dir='ltr'><strong>mortalia,</strong></span> <span class='ocrx_word' id='word_1_167' title='bbox 299 2591 304 2664; x_wconf 91' lang='grc' dir='ltr'>Ι</span> <span class='ocrx_word' id='word_1_168' title='bbox 321 2595 352 2652; x_wconf 89' lang='lat' dir='ltr'><strong>et</strong></span> <span class='ocrx_word' id='word_1_169' title='bbox 367 2590 423 2650; x_wconf 81' lang='lat' dir='ltr'><strong>iate</strong></span> <span class='ocrx_word' id='word_1_170' title='bbox 441 2589 521 2650; x_wconf 87' lang='lat' dir='ltr'><strong>idem</strong></span> <span class='ocrx_word' id='word_1_171' title='bbox 539 2588 626 2646; x_wconf 87' lang='lat' dir='ltr'><strong>homo</strong></span> <span class='ocrx_word' id='word_1_172' title='bbox 645 2589 691 2645; x_wconf 83' lang='lat' dir='ltr'><strong>eet</strong></span> <span class='ocrx_word' id='word_1_173' title='bbox 710 2603 789 2644; x_wconf 88' lang='lat' dir='ltr'><strong>nunc</strong></span> <span class='ocrx_word' id='word_1_174' title='bbox 807 2585 893 2644; x_wconf 90' lang='lat' dir='ltr'><strong>homo</strong></span> <span class='ocrx_word' id='word_1_175' title='bbox 912 2584 1085 2644; x_wconf 80' lang='lat' dir='ltr'><strong>immortalia</strong></span> <span class='ocrx_word' id='word_1_176' title='bbox 1096 2606 1144 2659; x_wconf 87' lang='lat'><strong>3-</strong></span> 
     </span>
     <span class='ocr_line' id='line_1_21' title="bbox 134 2688 1146 2770; baseline -0.007 -16"><span class='ocrx_word' id='word_1_177' title='bbox 134 2695 206 2754; x_wconf 81' lang='lat' dir='ltr'><strong>Non</strong></span> <span class='ocrx_word' id='word_1_178' title='bbox 239 2694 318 2754; x_wconf 85' lang='lat' dir='ltr'><strong>enim</strong></span> <span class='ocrx_word' id='word_1_179' title='bbox 352 2693 494 2770; x_wconf 82' lang='lat' dir='ltr'><strong>sequitur,</strong></span> <span class='ocrx_word' id='word_1_180' title='bbox 526 2691 551 2752; x_wconf 82' lang='lat' dir='ltr'><strong>ei</strong></span> <span class='ocrx_word' id='word_1_181' title='bbox 583 2709 706 2767; x_wconf 72' lang='lat' dir='ltr'><strong>persone</strong></span> <span class='ocrx_word' id='word_1_182' title='bbox 739 2708 797 2767; x_wconf 89' lang='lat' dir='ltr'><strong>que</strong></span> <span class='ocrx_word' id='word_1_183' title='bbox 836 2692 882 2748; x_wconf 83' lang='lat' dir='ltr'><strong>eet</strong></span> <span class='ocrx_word' id='word_1_184' title='bbox 921 2707 1072 2748; x_wconf 83' lang='lat' dir='ltr'><strong>commune</strong></span> <span class='ocrx_word' id='word_1_185' title='bbox 1108 2688 1146 2748; x_wconf 86' lang='lat' dir='ltr'><strong>ad</strong></span> 
     </span>
     <span class='ocr_line' id='line_1_22' title="bbox 86 2791 1146 2871; baseline -0.008 -11"><span class='ocrx_word' id='word_1_186' title='bbox 86 2807 122 2862; x_wconf 77' lang='lat'><strong>20</strong></span> <span class='ocrx_word' id='word_1_187' title='bbox 135 2799 237 2859; x_wconf 76' lang='lat' dir='ltr'><strong>ambae</strong></span> <span class='ocrx_word' id='word_1_188' title='bbox 256 2801 376 2856; x_wconf 82' lang='lat' dir='ltr'><strong>naturae</strong></span> <span class='ocrx_word' id='word_1_189' title='bbox 396 2797 463 2855; x_wconf 79' lang='lat' dir='ltr'><strong>illae</strong></span> <span class='ocrx_word' id='word_1_190' title='bbox 482 2799 527 2854; x_wconf 86' lang='lat' dir='ltr'><strong>eet</strong></span> <span class='ocrx_word' id='word_1_191' title='bbox 548 2797 675 2871; x_wconf 80' lang='lat' dir='ltr'><strong>utraque</strong></span> <span class='ocrx_word' id='word_1_192' title='bbox 695 2793 823 2865; x_wconf 79' lang='lat' dir='ltr'><strong>illarum,</strong></span> <span class='ocrx_word' id='word_1_193' title='bbox 846 2791 925 2868; x_wconf 90' lang='lat' dir='ltr'><strong>quod</strong></span> <span class='ocrx_word' id='word_1_194' title='bbox 945 2811 984 2851; x_wconf 86' lang='lat' dir='ltr'><strong>ex</strong></span> <span class='ocrx_word' id='word_1_195' title='bbox 1006 2792 1062 2851; x_wconf 89' lang='lat' dir='ltr'><strong>hoc</strong></span> <span class='ocrx_word' id='word_1_196' title='bbox 1085 2811 1146 2852; x_wconf 85' lang='lat' dir='ltr'><strong>uua</strong></span> 
     </span>
     <span class='ocr_line' id='line_1_23' title="bbox 139 2894 1145 2978; baseline -0.008 -15"><span class='ocrx_word' id='word_1_197' title='bbox 139 2903 180 2963; x_wconf 80' lang='lat' dir='ltr'><strong>ait</strong></span> <span class='ocrx_word' id='word_1_198' title='bbox 193 2901 326 2978; x_wconf 84' lang='lat' dir='ltr'><strong>reliqua;</strong></span> <span class='ocrx_word' id='word_1_199' title='bbox 348 2899 425 2960; x_wconf 70' lang='lat' dir='ltr'><strong>sicut</strong></span> <span class='ocrx_word' id='word_1_200' title='bbox 437 2917 496 2957; x_wconf 92' lang='lat' dir='ltr'><strong>nou</strong></span> <span class='ocrx_word' id='word_1_201' title='bbox 510 2901 633 2974; x_wconf 67' lang='lat' dir='ltr'><strong>oportet,</strong></span> <span class='ocrx_word' id='word_1_202' title='bbox 648 2895 719 2955; x_wconf 87' lang='lat' dir='ltr'><strong>licet</strong></span> <span class='ocrx_word' id='word_1_203' title='bbox 731 2899 847 2955; x_wconf 80' lang='lat' dir='ltr'><strong>tentum</strong></span> <span class='ocrx_word' id='word_1_204' title='bbox 860 2894 900 2954; x_wconf 84' lang='lat' dir='ltr'><strong>eit</strong></span> <span class='ocrx_word' id='word_1_205' title='bbox 917 2913 995 2953; x_wconf 81' lang='lat' dir='ltr'><strong>unua</strong></span> <span class='ocrx_word' id='word_1_206' title='bbox 1013 2894 1094 2954; x_wconf 83' lang='lat' dir='ltr'><strong>Deua</strong></span> <span class='ocrx_word' id='word_1_207' title='bbox 1114 2899 1145 2955; x_wconf 91' lang='lat' dir='ltr'><strong>et</strong></span> 
     </span>
     <span class='ocr_line' id='line_1_24' title="bbox 138 2997 1142 3080; baseline -0.01 -14"><span class='ocrx_word' id='word_1_208' title='bbox 138 3007 192 3067; x_wconf 89' lang='lat' dir='ltr'><strong>ille</strong></span> <span class='ocrx_word' id='word_1_209' title='bbox 215 3005 254 3065; x_wconf 86' lang='lat' dir='ltr'><strong>eit</strong></span> <span class='ocrx_word' id='word_1_210' title='bbox 273 3002 460 3080; x_wconf 74' lang='lat' dir='ltr'><strong>copulative·</strong></span> <span class='ocrx_word' id='word_1_211' title='bbox 472 3005 534 3061; x_wconf 84' lang='lat' dir='ltr'><strong>tem</strong></span> <span class='ocrx_word' id='word_1_212' title='bbox 551 3000 633 3060; x_wconf 74' lang='lat' dir='ltr'><strong>Deus</strong></span> <span class='ocrx_word' id='word_1_213' title='bbox 653 2998 769 3074; x_wconf 76' lang='lat' dir='ltr'><strong>genitus</strong></span> <span class='ocrx_word' id='word_1_214' title='bbox 788 3017 877 3076; x_wconf 87' lang='lat' dir='ltr'><strong>qnam</strong></span> <span class='ocrx_word' id='word_1_215' title='bbox 890 2997 970 3058; x_wconf 81' lang='lat' dir='ltr'><strong>Deua</strong></span> <span class='ocrx_word' id='word_1_216' title='bbox 983 2997 1142 3073; x_wconf 81' lang='lat' dir='ltr'><strong>ingenitus,</strong></span> 
     </span>
     <span class='ocr_line' id='line_1_25' title="bbox 136 3101 1145 3190; baseline -0.007 -21"><span class='ocrx_word' id='word_1_217' title='bbox 136 3110 210 3190; x_wconf 82' lang='lat' dir='ltr'><strong>qnia</strong></span> <span class='ocrx_word' id='word_1_218' title='bbox 228 3111 289 3168; x_wconf 88' lang='lat' dir='ltr'><strong>tam</strong></span> <span class='ocrx_word' id='word_1_219' title='bbox 310 3108 398 3167; x_wconf 81' lang='lat' dir='ltr'><strong>Peter</strong></span> <span class='ocrx_word' id='word_1_220' title='bbox 416 3125 504 3184; x_wconf 83' lang='lat' dir='ltr'><strong>quem</strong></span> <span class='ocrx_word' id='word_1_221' title='bbox 523 3103 628 3176; x_wconf 75' lang='lat' dir='ltr'><strong>Filius,</strong></span> <span class='ocrx_word' id='word_1_222' title='bbox 652 3102 731 3180; x_wconf 89' lang='lat' dir='ltr'><strong>quod</strong></span> <span class='ocrx_word' id='word_1_223' title='bbox 750 3101 857 3161; x_wconf 86' lang='lat' dir='ltr'><strong>exinde</strong></span> <span class='ocrx_word' id='word_1_224' title='bbox 876 3102 965 3162; x_wconf 83' lang='lat' dir='ltr'><strong>Pater</strong></span> <span class='ocrx_word' id='word_1_225' title='bbox 987 3101 1027 3160; x_wconf 82' lang='lat' dir='ltr'><strong>eit</strong></span> <span class='ocrx_word' id='word_1_226' title='bbox 1048 3101 1145 3162; x_wconf 82' lang='lat' dir='ltr'><strong>Filius</strong></span> 
     </span>
     <span class='ocr_line' id='line_1_26' title="bbox 135 3203 1144 3287; baseline -0.011 -13"><span class='ocrx_word' id='word_1_227' title='bbox 135 3215 183 3274; x_wconf 79' lang='lat' dir='ltr'><strong>vel</strong></span> <span class='ocrx_word' id='word_1_228' title='bbox 209 3213 290 3273; x_wconf 83' lang='lat' dir='ltr'><strong>Deae</strong></span> <span class='ocrx_word' id='word_1_229' title='bbox 313 3211 430 3287; x_wconf 70' lang='lat' dir='ltr'><strong>genitu·</strong></span> <span class='ocrx_word' id='word_1_230' title='bbox 450 3209 490 3270; x_wconf 81' lang='lat' dir='ltr'><strong>eit</strong></span> <span class='ocrx_word' id='word_1_231' title='bbox 512 3207 594 3268; x_wconf 76' lang='lat' dir='ltr'><strong>Deua</strong></span> <span class='ocrx_word' id='word_1_232' title='bbox 616 3206 775 3281; x_wconf 73' lang='lat' dir='ltr'><strong>ingenitus,</strong></span> <span class='ocrx_word' id='word_1_233' title='bbox 791 3204 869 3284; x_wconf 91' lang='lat' dir='ltr'><strong>quod</strong></span> <span class='ocrx_word' id='word_1_234' title='bbox 889 3209 934 3264; x_wconf 80' lang='lat' dir='ltr'><strong>eet</strong></span> <span class='ocrx_word' id='word_1_235' title='bbox 952 3204 1040 3264; x_wconf 83' lang='lat' dir='ltr'><strong>idem.</strong></span> <span class='ocrx_word' id='word_1_236' title='bbox 1081 3203 1144 3264; x_wconf 84' lang='lat' dir='ltr'><strong>Neo</strong></span> 
     </span>
     <span class='ocr_line' id='line_1_27' title="bbox 89 3307 1145 3398; baseline -0.013 -19"><span class='ocrx_word' id='word_1_237' title='bbox 89 3329 123 3384; x_wconf 79' lang='lat'><strong>25</strong></span> <span class='ocrx_word' id='word_1_238' title='bbox 136 3318 280 3398; x_wconf 73' lang='lat' dir='ltr'><strong>nequitur,</strong></span> <span class='ocrx_word' id='word_1_239' title='bbox 307 3315 458 3377; x_wconf 80' lang='lat' dir='ltr'><strong>eiPetrue</strong></span> <span class='ocrx_word' id='word_1_240' title='bbox 482 3311 597 3390; x_wconf 78' lang='lat' dir='ltr'><strong>capione</strong></span> <span class='ocrx_word' id='word_1_241' title='bbox 617 3313 649 3370; x_wconf 86' lang='lat' dir='ltr'><strong>et</strong></span> <span class='ocrx_word' id='word_1_242' title='bbox 673 3310 802 3369; x_wconf 77' lang='lat' dir='ltr'><strong>calvatus</strong></span> <span class='ocrx_word' id='word_1_243' title='bbox 825 3308 865 3368; x_wconf 85' lang='lat' dir='ltr'><strong>eit</strong></span> <span class='ocrx_word' id='word_1_244' title='bbox 884 3312 990 3367; x_wconf 83' lang='lat' dir='ltr'><strong>natura</strong></span> <span class='ocrx_word' id='word_1_245' title='bbox 1015 3307 1145 3366; x_wconf 86' lang='lat' dir='ltr'><strong>hnmana</strong></span> 
     </span>
     <span class='ocr_line' id='line_1_28' title="bbox 136 3409 1145 3500; baseline -0.014 -19"><span class='ocrx_word' id='word_1_246' title='bbox 136 3421 280 3500; x_wconf 72' lang='lat' dir='ltr'><strong>specifice,</strong></span> <span class='ocrx_word' id='word_1_247' title='bbox 296 3423 327 3481; x_wconf 84' lang='lat' dir='ltr'><strong>et</strong></span> <span class='ocrx_word' id='word_1_248' title='bbox 346 3417 456 3476; x_wconf 77' lang='lat' dir='ltr'><strong>Paulus</strong></span> <span class='ocrx_word' id='word_1_249' title='bbox 475 3415 617 3492; x_wconf 74' lang='lat' dir='ltr'><strong>incipiens</strong></span> <span class='ocrx_word' id='word_1_250' title='bbox 636 3417 668 3474; x_wconf 90' lang='lat' dir='ltr'><strong>et</strong></span> <span class='ocrx_word' id='word_1_251' title='bbox 683 3413 857 3489; x_wconf 74' lang='lat' dir='ltr'><strong>dampnatus</strong></span> <span class='ocrx_word' id='word_1_252' title='bbox 870 3409 910 3471; x_wconf 84' lang='lat' dir='ltr'><strong>eit</strong></span> <span class='ocrx_word' id='word_1_253' title='bbox 922 3411 1024 3469; x_wconf 88' lang='lat' dir='ltr'><strong>eadem</strong></span> <span class='ocrx_word' id='word_1_254' title='bbox 1036 3413 1145 3469; x_wconf 83' lang='lat' dir='ltr'><strong>natura</strong></span> 
     </span>
     <span class='ocr_line' id='line_1_29' title="bbox 136 3513 1144 3604; baseline -0.014 -17"><span class='ocrx_word' id='word_1_255' title='bbox 136 3526 279 3604; x_wconf 72' lang='lat' dir='ltr'><strong>specifica,</strong></span> <span class='ocrx_word' id='word_1_256' title='bbox 308 3523 387 3602; x_wconf 92' lang='lat' dir='ltr'><strong>quod</strong></span> <span class='ocrx_word' id='word_1_257' title='bbox 414 3523 519 3582; x_wconf 82' lang='lat' dir='ltr'><strong>Petrae</strong></span> <span class='ocrx_word' id='word_1_258' title='bbox 545 3519 660 3596; x_wconf 80' lang='lat' dir='ltr'><strong>eopioue</strong></span> <span class='ocrx_word' id='word_1_259' title='bbox 683 3521 714 3577; x_wconf 90' lang='lat' dir='ltr'><strong>et</strong></span> <span class='ocrx_word' id='word_1_260' title='bbox 737 3517 868 3576; x_wconf 78' lang='lat' dir='ltr'><strong>calvatus</strong></span> <span class='ocrx_word' id='word_1_261' title='bbox 894 3515 934 3574; x_wconf 82' lang='lat' dir='ltr'><strong>eit</strong></span> <span class='ocrx_word' id='word_1_262' title='bbox 959 3514 1071 3574; x_wconf 78' lang='lat' dir='ltr'><strong>Paulus</strong></span> <span class='ocrx_word' id='word_1_263' title='bbox 1097 3513 1144 3573; x_wconf 91' lang='lat' dir='ltr'><strong>iu-</strong></span> 
     </span>
     <span class='ocr_line' id='line_1_30' title="bbox 135 3617 1144 3708; baseline -0.013 -17"><span class='ocrx_word' id='word_1_264' title='bbox 135 3630 274 3708; x_wconf 55' lang='lat' dir='ltr'><strong>apianae</strong></span> <span class='ocrx_word' id='word_1_265' title='bbox 286 3633 318 3688; x_wconf 89' lang='lat' dir='ltr'><strong>et</strong></span> <span class='ocrx_word' id='word_1_266' title='bbox 329 3627 514 3703; x_wconf 74' lang='lat' dir='ltr'><strong>dampnatus.</strong></span> <span class='ocrx_word' id='word_1_267' title='bbox 555 3623 596 3682; x_wconf 87' lang='lat' dir='ltr'><strong>llt</strong></span> <span class='ocrx_word' id='word_1_268' title='bbox 609 3624 692 3699; x_wconf 79' lang='lat' dir='ltr'><strong>patet</strong></span> <span class='ocrx_word' id='word_1_269' title='bbox 708 3619 728 3656; x_wconf 81' lang='lat'><strong>¹²</strong></span> <span class='ocrx_word' id='word_1_270' title='bbox 737 3639 776 3679; x_wconf 89' lang='lat' dir='ltr'><strong>ex</strong></span> <span class='ocrx_word' id='word_1_271' title='bbox 789 3617 879 3678; x_wconf 85' lang='lat' dir='ltr'><strong>eimili</strong></span> <span class='ocrx_word' id='word_1_272' title='bbox 893 3618 978 3677; x_wconf 80' lang='lat' dir='ltr'><strong>inodo</strong></span> <span class='ocrx_word' id='word_1_273' title='bbox 988 3617 1007 3652; x_wconf 85' lang='lat'><strong>¹¹</strong></span> <span class='ocrx_word' id='word_1_274' title='bbox 1021 3617 1144 3678; x_wconf 76' lang='lat' dir='ltr'><strong>nutritis</strong></span> 
     </span>
     <span class='ocr_line' id='line_1_31' title="bbox 135 3721 1144 3810; baseline -0.015 -15"><span class='ocrx_word' id='word_1_275' title='bbox 135 3733 167 3794; x_wconf 94' lang='lat' dir='ltr'><strong>in</strong></span> <span class='ocrx_word' id='word_1_276' title='bbox 186 3733 278 3794; x_wconf 77' lang='lat' dir='ltr'><strong>rectio</strong></span> <span class='ocrx_word' id='word_1_277' title='bbox 300 3729 460 3810; x_wconf 73' lang='lat' dir='ltr'><strong>principiis.</strong></span> <span class='ocrx_word' id='word_1_278' title='bbox 515 3725 701 3788; x_wconf 69' lang='lat' dir='ltr'><strong>sicutenim</strong></span> <span class='ocrx_word' id='word_1_279' title='bbox 721 3729 828 3783; x_wconf 83' lang='lat' dir='ltr'><strong>natura</strong></span> <span class='ocrx_word' id='word_1_280' title='bbox 854 3721 955 3782; x_wconf 76' lang='lat' dir='ltr'><strong>divina</strong></span> <span class='ocrx_word' id='word_1_281' title='bbox 980 3725 1026 3782; x_wconf 81' lang='lat' dir='ltr'><strong>eat</strong></span> <span class='ocrx_word' id='word_1_282' title='bbox 1052 3721 1144 3782; x_wconf 86' lang='lat' dir='ltr'><strong>trium</strong></span> 
     </span>
     <span class='ocr_line' id='line_1_32' title="bbox 92 3825 1144 3915; baseline -0.01 -19"><span class='ocrx_word' id='word_1_283' title='bbox 92 3847 125 3904; x_wconf 74' lang='lat'><strong>30</strong></span> <span class='ocrx_word' id='word_1_284' title='bbox 136 3855 323 3915; x_wconf 76' lang='lat' dir='ltr'><strong>personarum</strong></span> <span class='ocrx_word' id='word_1_285' title='bbox 336 3834 475 3913; x_wconf 83' lang='lat' dir='ltr'><strong>quelibet,</strong></span> <span class='ocrx_word' id='word_1_286' title='bbox 488 3835 519 3892; x_wconf 86' lang='lat' dir='ltr'><strong>et</strong></span> <span class='ocrx_word' id='word_1_287' title='bbox 532 3829 642 3908; x_wconf 78' lang='lat' dir='ltr'><strong>epeoieo</strong></span> <span class='ocrx_word' id='word_1_288' title='bbox 654 3828 783 3887; x_wconf 85' lang='lat' dir='ltr'><strong>humana</strong></span> <span class='ocrx_word' id='word_1_289' title='bbox 791 3845 980 3904; x_wconf 75' lang='lat' dir='ltr'><strong>personarum</strong></span> <span class='ocrx_word' id='word_1_290' title='bbox 991 3825 1144 3886; x_wconf 84' lang='lat' dir='ltr'><strong>homiuum</strong></span> 
     </span>
     <span class='ocr_line' id='line_1_33' title="bbox 137 3929 1143 4020; baseline -0.011 -20"><span class='ocrx_word' id='word_1_291' title='bbox 137 3940 291 4020; x_wconf 78' lang='lat' dir='ltr'><strong>quelibet5</strong></span> <span class='ocrx_word' id='word_1_292' title='bbox 320 3943 471 4000; x_wconf 81' lang='lat' dir='ltr'><strong>ettamen</strong></span> <span class='ocrx_word' id='word_1_293' title='bbox 491 3938 609 3996; x_wconf 81' lang='lat' dir='ltr'><strong>tantum</strong></span> <span class='ocrx_word' id='word_1_294' title='bbox 642 3935 688 3992; x_wconf 84' lang='lat' dir='ltr'><strong>eat</strong></span> <span class='ocrx_word' id='word_1_295' title='bbox 717 3949 778 3990; x_wconf 82' lang='lat' dir='ltr'><strong>una</strong></span> <span class='ocrx_word' id='word_1_296' title='bbox 807 3933 914 3990; x_wconf 83' lang='lat' dir='ltr'><strong>natura</strong></span> <span class='ocrx_word' id='word_1_297' title='bbox 947 3929 1049 3990; x_wconf 83' lang='lat' dir='ltr'><strong>divina</strong></span> <span class='ocrx_word' id='word_1_298' title='bbox 1081 3930 1143 3990; x_wconf 77' lang='lat' dir='ltr'><strong>aive</strong></span> 
     </span>
    </p>
   </div>
   <div class='ocr_carea' id='block_1_3' title="bbox 178 4166 1319 4306">
    <p class='ocr_par' dir='ltr' id='par_1_3' title="bbox 178 4166 1319 4306">
     <span class='ocr_line' id='line_1_34' title="bbox 178 4166 1319 4245; baseline -0.012 -14"><span class='ocrx_word' id='word_1_299' title='bbox 178 4175 373 4231; x_wconf 66' lang='lat' dir='ltr'><strong>*noiomo</strong></span> <span class='ocrx_word' id='word_1_300' title='bbox 462 4171 652 4224; x_wconf 60' lang='lat' dir='ltr'><strong>&#39;certmst</strong></span> <span class='ocrx_word' id='word_1_301' title='bbox 751 4167 919 4245; x_wconf 64' lang='lat' dir='ltr'><strong>’puignitq</strong></span> <span class='ocrx_word' id='word_1_302' title='bbox 1132 4166 1319 4218; x_wconf 48' lang='grc' dir='ltr'><strong>Μυκη.</strong></span> 
     </span>
     <span class='ocr_line' id='line_1_35' title="bbox 178 4231 1317 4306; baseline -0.013 -9"><span class='ocrx_word' id='word_1_303' title='bbox 178 4245 189 4278; x_wconf 79' lang='lat'>⁸</span> <span class='ocrx_word' id='word_1_304' title='bbox 205 4243 335 4296; x_wconf 68' lang='lat' dir='ltr'><strong>mundam</strong></span> <span class='ocrx_word' id='word_1_305' title='bbox 345 4239 521 4306; x_wconf 83' lang='lat' dir='ltr'><strong>expoaioionem</strong></span> <span class='ocrx_word' id='word_1_306' title='bbox 533 4239 562 4290; x_wconf 94' lang='lat'><strong>0.</strong></span> <span class='ocrx_word' id='word_1_307' title='bbox 749 4237 760 4270; x_wconf 82' lang='lat'>⁸</span> <span class='ocrx_word' id='word_1_308' title='bbox 776 4250 821 4301; x_wconf 89' lang='lat' dir='ltr'><strong>pro</strong></span> <span class='ocrx_word' id='word_1_309' title='bbox 831 4234 875 4284; x_wconf 81' lang='lat'>1110</span> <span class='ocrx_word' id='word_1_310' title='bbox 886 4232 966 4284; x_wconf 74' lang='lat' dir='ltr'><strong>mdno</strong></span> <span class='ocrx_word' id='word_1_311' title='bbox 977 4248 1022 4283; x_wconf 71' lang='lat' dir='ltr'><strong>m.</strong></span> <span class='ocrx_word' id='word_1_312' title='bbox 1035 4231 1094 4284; x_wconf 81' lang='grc'><strong>00.</strong></span> <span class='ocrx_word' id='word_1_313' title='bbox 1133 4231 1144 4265; x_wconf 72' lang='lat' dir='ltr'><strong>t</strong></span> <span class='ocrx_word' id='word_1_314' title='bbox 1163 4232 1220 4283; x_wconf 70' lang='lat' dir='ltr'><strong>Iun</strong></span> <span class='ocrx_word' id='word_1_315' title='bbox 1229 4231 1317 4283; x_wconf 82' lang='lat' dir='ltr'>ABO.</span> 
     </span>
    </p>
   </div>
   <div class='ocr_carea' id='block_1_4' title="bbox 168 4295 1325 4430">
    <p class='ocr_par' dir='ltr' id='par_1_4' title="bbox 168 4295 1325 4430">
     <span class='ocr_line' id='line_1_36' title="bbox 179 4295 1325 4366; baseline -0.01 -7"><span class='ocrx_word' id='word_1_316' title='bbox 179 4309 190 4343; x_wconf 79' lang='lat'>⁸</span> <span class='ocrx_word' id='word_1_317' title='bbox 238 4301 515 4359; x_wconf 75' lang='lat' dir='ltr'><strong>rhocinrtanaABO.</strong></span> <span class='ocrx_word' id='word_1_318' title='bbox 753 4298 892 4366; x_wconf 75' lang='lat' dir='ltr'><strong>’copulate</strong></span> <span class='ocrx_word' id='word_1_319' title='bbox 904 4297 933 4350; x_wconf 83' lang='grc'><strong>0.</strong></span> <span class='ocrx_word' id='word_1_320' title='bbox 1129 4296 1151 4330; x_wconf 87' lang='lat'><strong>¹⁰</strong></span> <span class='ocrx_word' id='word_1_321' title='bbox 1166 4295 1325 4364; x_wconf 71' lang='lat' dir='ltr'><strong>incipimO.</strong></span> 
     </span>
     <span class='ocr_line' id='line_1_37' title="bbox 168 4365 662 4430; baseline -0.02 -3"><span class='ocrx_word' id='word_1_322' title='bbox 168 4373 178 4408; x_wconf 79' lang='lat'>²</span> <span class='ocrx_word' id='word_1_323' title='bbox 217 4365 662 4430; x_wconf 72' lang='lat' dir='ltr'><strong>¹·iai1uadouuc;0xffl⁴00.</strong></span> 
     </span>
    </p>
   </div>
   <div class='ocr_carea' id='block_1_5' title="bbox 0 0 1632 5228">
    <p class='ocr_par' dir='ltr' id='par_1_5' title="bbox 0 0 1632 5228">
     <span class='ocr_line' id='line_1_38' title="bbox 0 0 1632 5228; baseline 0 0"><span class='ocrx_word' id='word_1_324' title='bbox 0 0 1632 5228; x_wconf 95' lang='lat' dir='ltr'><strong> </strong></span> 
     </span>
    </p>
   </div>
  </div>
 </body>
</html>
